3262 4752
723 247 935 307 ...52-

351 426 411 512 Qui
435 436 544 502 autem
565 425 627 491 loci
647 424 688 491 ab
705 422 820 490 Uilrioo
836 423 1020 511 investigati
1035 432 1120 500 suut,
1141 432 1176 488 ut
1192 425 1387 512 comprobet

265 532 388 621 primos
422 542 487 596 tres
520 528 620 596 libros
655 529 827 618 quartique
861 526 1026 595 dimidium
1065 523 1140 595 aute
1177 529 1251 595 belii
1288 528 1387 596 finem

266 637 405 724 scriptos
434 655 522 711 esse,
551 634 578 700 si
607 627 679 722 quis
710 643 798 699 recte
829 654 889 700 eos
918 632 1266 723 iuterpretatursuihil
1289 636 1328 701 in
1350 657 1387 702 se

267 741 389 807 habent
411 760 477 829 quo
501 737 650 826 cuiquam
666 739 903 824 persuadeatur
918 759 976 805 eos
992 749 1066 806 ante
1083 739 1180 805 totius
1198 739 1272 806 beili
1287 738 1386 807 finem

266 845 405 932 scriptos
435 863 517 910 esse.
570 843 650 909 Cum
680 853 788 910 autem
816 843 879 909 loci
906 842 991 910 haud
1022 844 1115 930 pauci
1142 843 1219 921 sint,
1249 845 1305 933 qui
1327 846 1388 912 nisi

267 960 343 1037 post
366 948 463 1014 totius
485 946 561 1013 belli
584 939 683 1013 finem
704 947 813 1034 scripti
830 968 904 1015 esse
920 969 986 1013 uon
1002 947 1139 1033 possint,
1160 948 1223 1015 hoo
1237 958 1387 1037 tempore

204 1079 206 1084 ¹
268 1051 491 1144 Thucydidem
508 1073 591 1139 opus
607 1051 658 1117 vel
675 1051 816 1118 scribere
832 1051 981 1139 coepisse
996 1052 1049 1117 vel
1065 1053 1154 1139 prius
1166 1053 1386 1141 conscriptum

268 1157 311 1222 ita
333 1156 520 1223 elaborasse
541 1158 722 1243 putandum
745 1168 810 1233 est,
840 1167 875 1222 ut
897 1156 1021 1222 nullum
1043 1157 1186 1244 supersit
1208 1157 1388 1245 vestigium,

269 1282 310 1328 er
333 1282 400 1350 quo
424 1281 624 1349 cognoscere
648 1261 764 1347 possis,
786 1261 918 1349 quando
942 1282 1027 1347 opus
1050 1260 1138 1347 prius
1157 1263 1386 1347 composuerit.

700 2197 925 2283 Corrigenda:
1026 2251 1028 2256 .
1071 2196 1077 2207 ‘

417 2345 486 2414 Pag.
507 2350 522 2398 3
543 2361 569 2398 v.
590 2347 624 2398 29
648 2344 711 2412 lege
732 2340 894 2412 „futurum“
912 2359 964 2412 pro
985 2341 1151 2410 „futerum“.

420 2432 491 2500 Peg.
512 2435 527 2484 8
547 2449 573 2486 v.
593 2434 608 2484 2
629 2431 694 2500 lege
716 2426 870 2500 ,,πὸλεμος“
891 2445 943 2498 pro
964 2424 1128 2497 ,,πόλὸμος“.

421 2519 491 2588 Peg.
512 2522 547 2572 24
566 2537 592 2572 v.
612 2521 627 2570 6
647 2520 711 2586 lege
731 2512 833 2586 ‚uqttr‘
852 2532 905 2583 pro
925 2510 1035 2583 ,,τῶδε“.

420 2604 490 2672 Peg.
511 2607 545 2656 30
565 2622 592 2657 v.
614 2606 645 2656 12
666 2604 730 2671 lege
750 2600 915 2671 „posuisse“
933 2616 986 2668 pro
1007 2598 1194 2668 ‚‚prosuissc“.

422 2691 492 2758 Peg.
514 2692 548 2743 30
567 2707 594 2744 v.
616 2692 648 2742 15
669 2689 733 2756 lege
753 2687 850 2756 „aliis“
869 2703 921 2756 pro
941 2685 1077 2755 ‚‚elliis“.¹

422 2778 492 2844 Peg.
512 2778 545 2828 30
565 2791 591 2830 r.
613 2777 644 2828 31
666 2775 731 2842 lege
751 2772 947 2844 ‚‚continetur“
966 2791 1019 2843 pro
1039 2771 1241 2842 „contineter“.

418 2864 489 2932 Peg.
511 2865 541 2916 31
564 2879 589 2916 v.
612 2865 643 2914 12
664 2860 881 2932 lege,‚,gestes“
900 2877 952 2930 pro
973 2860 1106 2930 „gestiet
