3262 4752
721 240 936 300 ..24-

276 443 349 489 esse
360 421 483 488 doceat.
507 426 551 487 Ac
562 439 759 510 quamquam
772 439 920 485 summae
931 417 1026 506 hujus
1036 420 1216 487 sententiae
1228 425 1397 500 assentior,

278 545 385 594 tamen
407 527 546 594 arbitror
568 548 634 592 non
658 535 745 591 recte
769 546 845 590 eum
867 524 991 602 secisse,
1014 525 1104 614 quod
1124 525 1163 591 ad
1180 526 1394 614 interpretan-

278 633 352 698 dam
374 634 412 699 IV
435 639 491 724 48,
515 641 533 700 5
564 631 750 697 aDiodoro
780 631 811 696 in
843 630 941 697 rebus
973 631 1228 722 Corcyraeorum
1260 633 1395 699 narratis

278 737 377 804 Iidem
400 737 601 824 abjudicavit.
641 738 709 802 IIoc
731 735 825 823 igitur
847 735 920 800 loco
944 735 1116 824 quaeritur,
1140 756 1223 823 quae
1246 737 1309 804 sint
1332 738 1396 805 dis-

279 843 408 910 cordiae
430 843 557 920 civileS,
585 863 665 931 quas
689 839 827 927 scriptor
849 851 923 906 ante
946 840 1057 908 oculos
1081 839 1229 906 habuerit
1251 842 1396 910 scribens

278 947 335 1013 ὅσα
356 975 389 1029 γε
410 949 442 1014 ἕν
463 950 507 1032 τῷ
534 952 653 1030 πολέμῳ
683 945 767 1010 τῶδε.
820 953 924 1036 Atque
954 944 1087 1012 Ullricus
1119 945 1250 1035 quidem
1280 946 1397 1036 aliique

284 1053 374 1118 multi
401 1074 456 1120 eas
487 1073 560 1119 esse
590 1052 779 1127 voluerunt,
810 1072 891 1140 quas
920 1071 1005 1116 anno
1029 1058 1090 1119 410
1113 1051 1212 1117 luisse
1234 1052 1397 1120 Diodorus

280 1156 334 1224 llb.
350 1158 427 1235 XIII,
449 1165 489 1227 48
511 1157 650 1234 tradidit,
672 1155 761 1244 quod
785 1155 918 1243 quidem
938 1177 978 1222 eo
997 1156 1060 1222 veri
1076 1155 1208 1224 similius
1225 1167 1283 1234 est,
1306 1160 1397 1246 quod

282 1263 410 1330 anullo
434 1264 591 1351 scriptore
614 1261 693 1327 aliae
716 1259 896 1328 discordiae
917 1261 1175 1352 Corcyraeorum
1197 1283 1398 1330 commemo-

282 1378 400 1434 rantur.
433 1371 550 1435 Tamen
566 1369 635 1455 ejus
659 1365 957 1453 interpretationem
979 1365 1074 1452 hujus
1098 1366 1159 1433 loci
1182 1388 1333 1456 quaeque
1357 1390 1398 1435 ex

284 1495 324 1540 eo
348 1472 513 1551 conclusit,
534 1471 741 1559 comprobari
764 1492 828 1536 non
852 1491 951 1558 posse
974 1490 1072 1558 supra
1088 1470 1233 1538 diximus.
1266 1473 1398 1541 Classen

284 1589 391 1646 autem
420 1589 511 1666 putat
533 1577 752 1668 Thucydidem
782 1575 813 1641 in
841 1575 902 1642 illis
926 1574 1032 1641 verbis
1058 1575 1214 1642 vocabulo
1238 1574 1254 1641 ὃ
1274 1579 1402 1658 πόλεμος

284 1683 333 1751 ilde
354 1683 549 1773 significasse
574 1692 677 1748 totum
699 1680 820 1747 bellum
842 1681 950 1747 XXVII
973 1700 1147 1759 annorum,
1171 1691 1203 1746 et
1224 1683 1314 1770 quod
1337 1683 1400 1751 hoo

287 1791 316 1856 ei
339 1812 405 1857 non
428 1791 560 1856 videtur
581 1787 739 1854 conciliari
762 1807 862 1874 posse
884 1806 957 1852 cum
980 1786 1026 1852 eis
1049 1807 1132 1875 quae
1153 1787 1313 1856 Diodorus
1337 1800 1400 1856 tra-

287 1893 383 1970 didit,
413 1893 482 1979 ejus
510 1892 609 1959 fidem
638 1891 755 1958 nullam
787 1912 860 1959 esse
884 1891 993 1957 dicens
1017 1889 1187 1957 arbitratur
1209 1895 1401 1982 scriptorem

287 1996 442 2065 hocloco
467 1997 643 2064 discordias
666 1997 772 2063 civiles
795 2006 869 2062 ante
893 1994 1004 2062 oeulos
1027 1994 1195 2074 habuisse,
1219 2020 1302 2086 quae
1326 2011 1402 2087 post

287 2101 385 2169 linem
416 2103 512 2169 totius
542 2102 617 2169 belli
645 2103 745 2170 laetae
769 2101 848 2177 sint,
878 2121 1016 2188 quarum
1039 2101 1156 2167 nullam
1180 2103 1311 2190 quidem
1334 2127 1403 2172 me>

289 2209 421 2275 moriam
452 2207 645 2296 accepimns.
699 2206 826 2274 Relellit
853 2205 949 2294 igitur
980 2225 1063 2294 quae
1092 2227 1110 2271 a
1143 2207 1301 2294 scriptore
1336 2232 1401 2276 non

289 2315 421 2403 quidem
450 2315 482 2381 in
512 2311 662 2380 omnibus
691 2311 789 2378 rebus
816 2309 1013 2389 certissimo,
1043 2321 1129 2377 certe
1157 2323 1264 2379 tamen
1288 2315 1403 2382 tradita

289 2430 373 2495 sunt,
395 2419 432 2486 iis
455 2440 539 2508 quae
562 2439 580 2483 a
604 2418 762 2505 scriptore
784 2414 962 2482 certissimo
987 2415 1128 2502 quidem,
1151 2418 1210 2483 sed
1227 2440 1293 2485 non
1309 2421 1404 2488 certis

291 2522 397 2588 verbis
419 2522 535 2588 tradita
556 2533 640 2588 sunt.
673 2524 742 2587 IIoc
762 2531 872 2585 autem
893 2518 978 2584 haud
1002 2519 1094 2586 lacile
1117 2518 1186 2586 fieri
1210 2542 1309 2609 posse
1332 2527 1404 2614 quis

289 2637 339 2693 est
369 2627 423 2715 qui
451 2637 556 2717 neget.
602 2625 669 2691 Alia
696 2624 790 2713 igitur
818 2624 1040 2711 interpretatio
1069 2624 1164 2712 hujus
1194 2626 1256 2692 loci
1278 2628 1406 2696 videtur

292 2732 478 2821 quaerenda
505 2752 596 2808 esse,
627 2750 690 2818 qna
719 2740 750 2796 et
774 2730 905 2796 Diodori
928 2727 1004 2796 fidei
1027 2741 1059 2796 et
1081 2730 1275 2821 Thucydidis
1298 2735 1404 2804 verbis

290 2835 432 2904 satisfiat.

374 2942 455 3010 Talis
471 2964 549 3008 num
564 2941 604 3008 sit
618 2939 756 3008 Herbstii
777 2939 1007 3026 interpretatio
1031 2959 1129 3028 quam
1144 2940 1175 3006 in
1191 2944 1253 3010 vol.
1268 2943 1407 3014 XXXVII

291 3048 447 3137 Philologi
465 3070 563 3136 quem
578 3059 703 3122 vocant,
719 3045 859 3132 protulit,
871 3044 937 3130 jam
954 3043 1129 3112 videamus.
1160 3049 1191 3114 Is
1205 3048 1300 3136 igitur
1315 3062 1408 3138 putat

292 3152 513 3244 Thucydidem
543 3174 627 3239 opus
658 3172 752 3217 suum
783 3160 859 3236 post
894 3149 990 3215 totius
1023 3147 1099 3216 belli
1132 3149 1231 3217 finem
1264 3153 1405 3222 scribere

292 3257 449 3343 coepisse.
500 3261 544 3324 hc
566 3275 761 3346 quamquam
785 3254 947 3342 incipienti
970 3254 1113 3344 singulae
1135 3255 1210 3323 belli
1233 3268 1342 3344 partes
1366 3260 1408 3325 ita

292 3360 375 3427 inter
396 3383 432 3428 se
454 3362 628 3429 cohaerere
645 3361 730 3428 visae
746 3360 818 3436 sint,
839 3370 875 3424 ut
890 3380 946 3426 eas
962 3381 1022 3446 pro
1041 3382 1104 3426 uno
1120 3361 1276 3440 habuerit,
1298 3374 1406 3430 tamen

294 3465 400 3533 verbis
424 3487 508 3555 quae
531 3476 606 3533 sunt
627 3468 686 3532 III
712 3466 743 3530 ἐν
764 3460 788 3550 ᾧ
809 3464 876 3532 οὔτε
895 3465 1087 3544 ἐπεμίγνυντο
1102 3471 1149 3532 ἔτι
1163 3465 1322 3548 muscarel
1337 3473 1408 3550 παρ’

293 3570 438 3654 dustram
466 3570 738 3639 καταστάντες
765 3594 806 3634 τε
833 3571 1003 3644 ξυνεχῶς
1024 3571 1242 3652 ἐπολέμουν
1270 3573 1406 3661 primam

294 3687 419 3765 partem
443 3677 485 3742 ita
507 3697 581 3742 eum
604 3673 799 3764 significasse
822 3695 859 3740 ac
881 3683 1030 3753 notasse,
1058 3687 1094 3740 ut
1123 3697 1196 3742 eum
1229 3698 1246 3743 a
1275 3678 1407 3768 reliquis

294 3781 370 3849 belli
392 3780 536 3870 partibus
559 3780 641 3846 hanc
663 3781 847 3847 discernere
870 3778 1011 3847 voluisse
1027 3801 1271 3870 cognoscamus,
1304 3787 1407 3871 Atque

294 3887 376 3954 hanc
397 3887 472 3953 belli
495 3898 619 3974 partem
642 3885 833 3973 scriptorem
858 3884 888 3948 in
912 3895 1064 3972 quattuor
1085 3887 1194 3973 primis
1210 3884 1298 3952 libris
1315 3908 1410 3953 voca-

294 3990 371 4057 bulo
395 3989 411 4055 ὁ
430 3994 557 4073 πόλεμος
577 3991 645 4074 tos,
666 4001 772 4056 totum
794 4001 901 4056 autem
925 3988 1047 4056 bellum
1070 3991 1229 4058 vocabulo
1250 3989 1299 4056 tos
1320 3987 1336 4055 ὃ
1357 3994 1410 4056 πό-

294 4107 380 4175 λεμος
401 4094 606 4185 significasse.
658 4097 754 4175 Quod
777 4115 856 4161 vero
879 4094 960 4161 haec
981 4093 1058 4162 belli
1081 4117 1171 4186 pars,
1201 4117 1298 4184 quam
1322 4095 1410 4161 initio
