3262 4752
607 297 908 356 .-at-

247 477 328 543 dicit.
380 479 473 544 Denn
504 477 624 565 gerade
656 475 756 541 durch
786 474 837 542 die
859 475 940 542 zwei
963 475 1159 541 Prooemien
1182 477 1268 542 steht
1291 476 1357 542 sich

238 583 321 669 jetzt
348 583 404 649 das
420 584 517 648 Werh
547 604 610 649 von
632 581 734 648 selbst
755 581 820 646 und
845 600 976 668 gegen
1001 581 1067 646 die
1089 579 1262 647 Absioht
1284 581 1356 648 des

244 687 487 755 Veriassers
511 689 541 752 in
564 687 644 753 zwei
668 686 796 752 Theilen
821 685 878 750 dar
901 687 982 772 (pag.
1003 684 1082 769 tao).
1120 686 1216 765 Quod
1232 686 1355 777 Thucy‘

242 793 306 859 didi
343 804 472 879 praeter
509 792 705 858 voluntatem
736 791 880 858 accidere
911 790 1057 877 potuisse
1088 811 1148 878 ego
1178 790 1252 857 mihi
1282 813 1355 879 per-

243 897 472 995 suaderenon
496 919 639 985 possum.
684 897 763 962 Nam
793 917 853 983 ego
884 894 1036 974 arbitror,
1066 896 1092 961 si
1124 896 1196 984 quis
1218 895 1355 983 scriptor

240 1002 335 1069 etiam
358 1002 463 1068 minus
487 1001 621 1090 diligens
645 1023 742 1089 quam
758 1001 960 1092 Thucydides
982 1001 1101 1067 bellum
1123 999 1266 1067 scribere
1281 1021 1356 1066 coe-

241 1108 355 1194 pisset,
378 1107 497 1173 deinde
520 1106 685 1183 desiisset,
708 1110 796 1195 quod
821 1105 967 1172 nondum
991 1105 1187 1172 debellatum
1212 1126 1283 1172 esse
1306 1105 1353 1170 in-

240 1213 425 1290 tellexisset,
448 1233 521 1278 cum
544 1221 710 1300 pergeret,
732 1211 846 1276 horum
870 1211 1010 1276 duorum
1034 1212 1170 1277 alterum
1192 1213 1350 1278 facturum

239 1319 346 1384 fuisse.
380 1320 441 1382 hut
463 1328 573 1406 aperte
598 1317 729 1383 dixisset
746 1338 781 1382 se
798 1337 871 1383 oum
887 1315 1007 1382 bellum
1024 1316 1166 1384 scribere
1182 1317 1354 1404 coepisset,

238 1423 333 1489 alium
350 1421 448 1488 fuisse
465 1421 540 1488 belli
555 1421 653 1488 finem
670 1432 810 1508 putasse,
834 1431 910 1508 post
928 1431 1036 1487 autem
1053 1422 1245 1488 sententiam
1262 1443 1351 1488 suam

238 1538 401 1610 mutasse;
425 1535 479 1591 aut
501 1525 532 1589 in
554 1526 591 1591 iis
616 1547 699 1615 quae
721 1525 819 1593 rebus
843 1527 931 1614 prius
954 1549 971 1592 a
995 1549 1029 1593 se
1055 1529 1186 1594 narratis
1210 1528 1354 1604 adderet,

237 1633 269 1699 id
301 1632 435 1720 egisset,
466 1651 507 1695 ne
538 1629 610 1718 quis
641 1631 797 1718 suspicari
826 1642 939 1719 posset
968 1655 1003 1698 se
1031 1654 1174 1721 unquam
1198 1633 1290 1699 aliter
1313 1633 1353 1698 de

239 1737 313 1804 belli
336 1735 400 1802 fine
424 1735 575 1802 sensisse.
613 1741 718 1824 Atque
741 1736 803 1802 hoo
826 1756 898 1801 eum
923 1736 1069 1804 facillime
1085 1737 1241 1825 perficere
1258 1748 1354 1824 potu-

238 1845 301 1910 isse
317 1842 389 1930 quis
405 1841 524 1928 estqui
541 1852 646 1928 neget.
663 1841 884 1932 Thucydidem
899 1843 994 1930 igitur
1016 1843 1162 1909 videmus
1184 1841 1251 1908 aliis
1274 1841 1351 1908 locis

242 1950 278 2033 (tl
291 1955 340 2024 65,
353 1953 472 2027 5-13;
491 1953 559 2023 100,
574 1953 610 2027 2;
626 1947 721 2023 ΙΙΙ81,
733 1953 767 2027 2;
782 1953 850 2024 108,
866 1948 896 2033 4)
913 1947 975 2014 hoc
991 1948 1106 2015 fecisse
1123 1969 1231 2036 neque
1247 1947 1351 2013 solum

237 2055 268 2118 in
293 2052 338 2120 eis
361 2073 445 2140 quae
469 2072 551 2117 nova
575 2050 738 2126 scriberet,
760 2053 819 2118 sed
842 2053 937 2119 etiam
959 2053 991 2119 in
1015 2055 1077 2128 eis,
1100 2072 1184 2142 quae
1208 2052 1239 2116 in
1263 2050 1351 2139 prius

237 2159 354 2246 scripta
383 2156 573 2233 inculcaret,
602 2154 799 2244 significasse
829 2179 865 2224 se
888 2180 1019 2245 semper
1042 2159 1121 2224 duas
1144 2157 1219 2223 belli
1241 2167 1350 2244 partes

238 2285 296 2352 pro
325 2284 390 2329 uno
421 2261 581 2328 habuisse.
632 2262 710 2340 Quis
737 2261 833 2349 igitur
860 2274 953 2350 putet
981 2284 1054 2328 eum
1078 2265 1109 2326 in
1133 2262 1234 2327 altero
1257 2262 1347 2349 quod

238 2381 352 2436 vocant
375 2367 545 2455 prooemio
569 2366 799 2452 componendo
818 2376 881 2431 tam
897 2367 1040 2442 stultum,
1063 2388 1103 2433 ne
1121 2366 1222 2433 dicam
1239 2388 1350 2432 amen-

239 2486 302 2541 tem
332 2473 447 2548 fuisse,
478 2481 511 2535 ut
540 2469 610 2557 ipse
638 2468 688 2535 hic
717 2471 871 2557 aperiret,
902 2473 991 2559 quod
1015 2471 1082 2538 aliis
1105 2472 1183 2538 locis
1207 2472 1350 2560 quodam

237 2579 336 2646 modo
367 2589 478 2666 tegere
507 2575 638 2642 studuit.
689 2577 795 2654 Quare
825 2597 886 2664 ego
916 2576 1068 2652 arbitror,
1097 2577 1124 2643 si
1146 2577 1350 2668 Thucydides

237 2685 326 2774 prius
356 2681 560 2770 prooemium
589 2680 734 2747 scribens
764 2681 856 2747 aliam
890 2683 930 2748 de
956 2681 1032 2748 belli
1063 2680 1128 2749 fine
1157 2682 1348 2749 sententiam

235 2789 401 2856 habuisset
430 2808 467 2852 ac
495 2786 605 2873 paucis
635 2785 727 2851 annis
755 2798 846 2873 post,
876 2809 951 2854 eum
982 2808 1047 2852 non
1078 2786 1132 2853 ubi
1159 2788 1201 2854 ad
1232 2807 1348 2854 novam

235 2905 359 2983 partem
382 2891 457 2958 belli
479 2891 643 2967 transiret,
665 2890 697 2955 id
720 2890 919 2977 adjectorum
943 2893 1041 2958 fuisse
1065 2892 1164 2980 quod,
1191 2893 1218 2958 si
1240 2903 1350 2978 poste-

235 3001 319 3066 riore
341 3011 489 3086 tempore
514 3018 597 3082 opus
620 2994 761 3062 scribere
785 2995 962 3082 coepisset,
995 2997 1056 3062 aiio
1079 2996 1152 3063 loco
1176 2995 1348 3083 posuisset,

234 3105 293 3171 sed
326 3125 364 3170 oo
396 3124 470 3168 eum
500 3101 579 3167 haec
608 3101 841 3167 inculcaturum
864 3102 979 3178 fuisse,
1007 3100 1063 3167 ubi
1086 3122 1145 3167 suo
1167 3100 1241 3166 loco
1265 3099 1347 3165 dicta

234 3230 307 3275 esse
331 3207 526 3283 viderentur,
548 3205 577 3270 h.
594 3226 621 3270 e.
645 3205 675 3270 in
698 3206 821 3272 initium
844 3206 942 3273 totius
965 3205 1084 3293 operis.
1117 3207 1229 3292 ltaque
1251 3225 1348 3270 exeo

235 3313 325 3401 quod
349 3313 488 3398 scriptor
509 3311 540 3376 in
563 3310 676 3398 quinto
691 3311 774 3378 libro
790 3312 899 3379 denuo
916 3332 1016 3399 pauca
1034 3311 1074 3377 de
1091 3331 1127 3376 se
1144 3310 1229 3385 dixit,
1251 3329 1347 3374 nemo

234 3416 429 3483 concludere
452 3426 570 3502 potest,
593 3416 682 3505 quod
707 3417 772 3482 vult
794 3417 936 3494 Ultricus,
960 3437 1032 3483 eum
1056 3415 1110 3480 iilo
1132 3415 1204 3481 loco
1227 3415 1348 3480 addere

234 3521 392 3596 voluisse,
422 3521 511 3608 quod
543 3522 631 3609 prius
659 3523 836 3600 omisisset,
865 3543 937 3588 cum
968 3530 1172 3608 compertum
1203 3520 1347 3585 nondum

233 3625 407 3702 habuisset,
430 3625 489 3691 sed
512 3626 572 3692 alia
593 3648 689 3694 causa
713 3627 898 3715 quaeranda
918 3636 976 3703 est,
999 3647 1062 3716 qua
1078 3636 1230 3712 putemus
1247 3625 1346 3712 scrip-

235 3743 339 3798 torem
357 3731 534 3798 adductum
551 3754 633 3808 esse,
648 3743 683 3798 ut
697 3733 738 3798 ita
754 3754 806 3798 res
823 3731 998 3798 narrandas
1016 3733 1212 3819 disponeret.
1244 3731 1347 3816 Atque

234 3839 316 3904 hanc
331 3836 450 3901 nullam
465 3858 548 3915 esse,
570 3838 629 3904 nisi
646 3839 736 3926 quod
752 3839 783 3902 in
799 3835 898 3903 rebus
915 3835 1079 3902 narrandis
1096 3855 1192 3923 quam
1210 3831 1347 3898 maxime

235 3942 382 4009 ordinem
406 3943 562 4027 temporis
585 3943 678 4031 sequi
700 3942 812 4009 solitus
835 3941 884 4018 sit,
907 3962 1004 4029 supra
1028 3939 1174 4006 diximus.

320 4047 381 4126 Qui
404 4047 535 4136 quidem
559 4071 630 4114 mos
654 4068 727 4112 cum
750 4068 791 4112 ex
813 4047 880 4113 aliis
903 4045 1002 4112 rebus
1025 4057 1091 4111 tum
1117 4064 1156 4108 ex
1172 4062 1212 4107 eo
1229 4050 1350 4129 cogno-

235 4153 333 4220 scitur
356 4153 444 4240 quod
468 4173 521 4220 res
545 4164 650 4242 gestas
673 4154 752 4217 nord
772 4157 851 4234 θέρη
874 4153 923 4216 καὶ
938 4151 1084 4227 χειμῶνας
1107 4149 1194 4233 (111;
1216 4149 1301 4222 ΙΙ26,
1321 4146 1348 4230 1)
