3262 4752
686 332 899 393 ..37-

234 531 316 576 esse.
360 510 472 596 ltaque
494 495 618 598 eisqui
642 507 789 576 Ullricum
813 522 1004 598 sequuntur,
1031 513 1072 578 ita
1095 517 1255 583 sententia
1276 541 1347 584 mu-

235 615 331 683 tanda
360 627 426 691 est,
457 625 492 678 ut
520 624 650 701 putent,
681 615 775 679 etiam
803 615 992 704 priusquam
1021 618 1160 706 scriptor
1180 623 1218 687 lV
1240 627 1296 699 48,
1326 631 1345 690 5

235 719 400 797 scriberet,
423 740 497 784 eum
516 740 600 806 opus
617 729 691 806 post
706 707 812 787 Niciae
828 741 942 807 pacem
958 733 1111 810 coeptum
1126 725 1345 794 intermisisse·

233 825 297 892 Sed
321 847 363 892 ne
387 824 553 913 usquead
576 823 698 889 initium
722 824 854 913 quidem
876 824 947 891 libri
969 828 1007 894 lv
1028 842 1142 916 putare
1170 851 1345 917 possumus

233 951 307 996 eum
331 950 415 1016 opus
437 927 628 1005 deduxisse,
656 929 845 1018 priusquam
867 931 1099 1000 intermitteret.
1142 935 1222 1000 Nam
1249 934 1344 1001 etiam

231 1034 284 1100 lib.
307 1034 412 1110 11198,
428 1035 496 1117 4¹1)
519 1032 646 1100 videtur
668 1035 805 1120 scriptor
826 1036 1043 1122 posteriorum
1065 1036 1140 1105 belli
1159 1049 1343 1126 temporum

232 1140 389 1206 rationem
412 1136 571 1215 habuisse,
595 1157 667 1204 cum
690 1135 800 1205 addito
822 1140 876 1206 illo
900 1141 931 1206 ἐν
951 1143 994 1226 τῷ
1009 1147 1127 1228 πολέμῳ
1146 1143 1222 1228 τῷδε
1244 1143 1343 1224 (hello

231 1265 336 1334 usque
360 1265 398 1310 eo
422 1246 528 1332 gesto)
550 1263 608 1309 eos
631 1262 649 1308 a
671 1245 910 1332 comparatione
942 1247 1143 1325 excluderet,
1173 1248 1229 1336 qui
1257 1248 1343 1315 bello

231 1349 384 1416 Siciliensi
401 1347 570 1434 perierant,
594 1357 628 1412 ut
643 1370 741 1436 supra
756 1372 828 1439 pag.
844 1358 885 1419 29
902 1351 1201 1420 demonstravimus.
1237 1356 1343 1433 Quare

230 1455 266 1522 iis
290 1455 345 1543 qui
360 1452 509 1519 Ullricum
531 1462 722 1540 sequuntur,
744 1454 923 1540 putandum
940 1466 988 1522 est
1003 1456 1222 1546 Thucydidem
1239 1458 1343 1546 prins-

231 1580 327 1648 quam
342 1557 382 1624 ad
399 1557 483 1624 hunc
498 1558 605 1624 locum
625 1558 782 1644 pervenit,
803 1578 887 1645 opus
903 1582 997 1626 suum
1011 1561 1228 1630 intermisisse.
1262 1563 1341 1629 Cum

230 1675 338 1731 autem
367 1662 534 1747 iisdom12)
557 1662 588 1728 in
610 1661 663 1728 lib.
686 1663 726 1726 lll
748 1668 803 1740 87,
825 1670 845 1729 2
867 1664 899 1729 in
923 1664 1028 1732 verbis
1059 1687 1143 1755 quae
1172 1667 1213 1733 de
1242 1665 1342 1754 pesti-

230 1764 326 1835 lentie
348 1767 589 1834 Atheniensium
612 1766 761 1834 dicuntur
782 1765 1036 1851 debellatorem
1058 1797 1090 1852 γε
1112 1773 1155 1852 μή
1175 1757 1291 1835 εἶναιὸ
1312 1793 1342 1834 τι

228 1874 340 1954 μᾶλλον
361 1872 493 1938 ἐκάκωσε
514 1875 570 1954 τήν
591 1871 729 1955 δύναμιν,
757 1872 864 1939 inesse
889 1873 1034 1940 videatur
1056 1874 1268 1941 certissimum
1291 1893 1340 1939 ar-

229 1987 427 2067 gumentum,
451 1997 517 2065 quo
540 1975 772 2064 comprobetur
787 1977 1008 2068 Thucydidem
1029 1979 1114 2046 hunc
1135 1979 1243 2046 locum
1265 1990 1339 2046 ante

228 2081 469 2169 expeditionem
492 2081 690 2148 Siciliensem
712 2083 894 2171 scripsisse,
923 2083 971 2150 his
993 2084 1173 2170 putandum
1196 2094 1246 2150 est
1266 2083 1340 2150 loco

228 2186 336 2274 aliquo
360 2184 415 2274 qui
437 2185 477 2252 sit
499 2186 582 2252 inter
603 2207 672 2272 cap.
689 2193 728 2255 87
745 2197 776 2252 et
794 2193 844 2264 97,
867 2189 1055 2275 scriptorem
1079 2209 1162 2274 opus
1186 2198 1339 2275 coeptum

228 2290 445 2357 intermisisse.
479 2294 523 2356 Ac
544 2311 586 2356 ne
607 2289 670 2356 hoc
692 2291 824 2380 quidem
843 2292 933 2358 lacile
948 2303 1062 2379 putare
1078 2301 1224 2379 possunt.
1258 2292 1339 2357 Nam

227 2396 253 2462 si
280 2394 323 2460 ibi
352 2394 590 2473 intermisisset,
617 2416 725 2461 nonne
756 2395 822 2462 veri
851 2397 954 2464 simile
984 2407 1034 2464 est
1059 2418 1134 2464 eum
1158 2417 1241 2484 opus
1264 2417 1339 2484 per-

227 2512 354 2590 gentem
378 2501 492 2567 saltem
513 2497 612 2566 finem
634 2520 765 2577 eorum,
794 2521 877 2589 quae
900 2501 988 2588 prius
1010 2503 1191 2591 scripsisset
1214 2502 1339 2591 perlec-

226 2616 348 2687 turum,
379 2614 411 2670 et
440 2604 465 2671 si
493 2614 562 2670 tum
584 2626 650 2671 non
672 2617 760 2672 recte
782 2604 858 2673 illud
883 2608 924 2674 de
947 2608 1129 2695 pestilentia
1151 2608 1212 2676 dici
1234 2609 1338 2675 visum

227 2724 323 2788 esset,
345 2720 566 2776 correcturum
588 2709 696 2776 luisse.
740 2710 819 2775 Nam
843 2711 915 2798 quis
939 2734 1022 2800 opus
1045 2713 1077 2778 in
1100 2714 1191 2804 quod
1212 2724 1337 2780 tantum

225 2813 370 2880 conferat
385 2813 536 2888 studium,
552 2824 707 2902 quantum
723 2813 925 2905 Thucydides
941 2815 1083 2895 contulit,
1106 2819 1132 2885 si
1148 2841 1207 2906 per
1223 2819 1337 2886 decem

225 2940 328 2986 annos
354 2919 573 2993 intermissum
601 2929 667 2996 est,
694 2928 781 2985 recte
804 2940 942 3007 pergere
964 2931 1089 3007 potest,
1118 2922 1178 2990 nisi
1200 2923 1337 3012 perlegit

225 3045 263 3090 ea
287 3022 404 3113 quibus
427 3024 515 3113 prius
538 3035 664 3090 narrata
687 3024 851 3091 conclusit.
886 3027 997 3114 ltaque
1012 3028 1194 3113 putandum
1210 3039 1260 3094 est
1274 3028 1335 3096 hos

225 3129 308 3194 duos
330 3129 421 3194 locos
443 3126 513 3194 libri
535 3130 575 3193 lll
597 3149 666 3216 cap.
689 3135 727 3198 87
752 3140 784 3196 et
806 3135 846 3198 98
870 3129 944 3196 nihil
966 3131 998 3196 in
1020 3151 1057 3197 se
1078 3130 1216 3206 habere,
1245 3132 1335 3219 quod

224 3245 288 3298 tam
317 3233 358 3300 sit
386 3233 522 3300 alterum
553 3232 593 3299 ab
616 3232 717 3300 altero
741 3235 919 3313 diversum,
947 3247 982 3302 ut
1004 3235 1178 3302 concludas
1201 3235 1335 3302 diversis

224 3335 425 3424 temporibus
446 3359 503 3404 eos
519 3337 656 3424 scriptos
673 3361 755 3406 esse.
787 3340 842 3406 Sin
858 3353 966 3408 autem
982 3340 1117 3408 diversis
1132 3339 1335 3428 temporibus

223 3443 344 3530 scripta
372 3462 438 3508 non
466 3453 555 3520 sunt,
583 3464 624 3509 ne
653 3444 809 3512 terminus
840 3445 971 3534 quidem
999 3445 1041 3512 ad
1069 3466 1167 3535 quem
1197 3446 1336 3534 scriptor

224 3567 307 3634 opus
329 3547 468 3634 primum
490 3547 655 3634 inceptum
677 3549 862 3628 deduxerit,
893 3551 1081 3639 priusquam
1104 3550 1337 3628 intermitteret,

223 3653 386 3719 intereos
409 3673 483 3719 esse
506 3662 622 3739 potest.
733 3671 735 3674 ·

305 3911 341 3980 ¹¹)
361 3895 440 3964 οὗτοι
458 3907 596 3978 βέλτιστοι
614 3906 648 3976 δὴ
669 3906 766 3983 ἄνδρες
784 3911 819 3962 ἐν
838 3905 881 3980 τῷ
900 3907 1037 3981 πολέμῳ
1054 3909 1140 3982 zolde
1154 3913 1182 3964 lu
1195 3907 1334 3980 τῆςἍθη-

221 3996 305 4050 ναίων
324 3992 428 4060 πόλεως
447 3990 655 4067 διεφθάρησαν.

306 4100 342 4169 ¹2)
373 4099 409 4154 cf.
436 4097 610 4154 Lesbium
638 4099 667 4154 in
692 4114 789 4170 progr.
817 4099 1017 4168 Liegnitziensi
1045 4117 1070 4155 a.
1100 4102 1168 4154 1875
1198 4116 1264 4174 pag.
1292 4102 1334 4157 17.

222 4185 391 4264 Schoenium
411 4189 430 4242 l.
449 4205 474 4244 c.
492 4202 560 4256 pag.
581 4189 642 4240 832.
1037 4213 1038 4216 =
