3262 4752
732 229 941 296 ..35-

287 433 360 482 cum
383 410 576 503 pronomine
597 408 646 476 lte
667 411 842 499 conjuncto
865 412 1015 481 articulus
1039 433 1135 503 quem
1159 421 1275 480 vocant
1298 431 1408 500 gram-

290 520 403 595 matici,
424 519 552 586 additus
575 537 641 584 non
664 526 722 584 est.
756 518 859 596 Quam
882 529 989 585 autem
1013 517 1075 584 sint
1098 538 1168 584 rara
1191 517 1350 605 exempla,
1372 517 1404 582 in

291 623 409 714 quibus
430 621 633 714 Thucydides
656 620 857 689 substantivo
881 643 955 690 cum
978 621 1110 690 articulo
1135 622 1307 710 conjuncto
1330 643 1408 709 pro-

291 751 411 797 nomen
440 725 616 805 addiderit,
645 747 685 793 ex
715 747 756 793 eo
787 728 976 805 concludas
1008 727 1193 817 quodcum
1217 727 1315 793 multa
1337 738 1408 792 tum

290 833 370 902 haec
385 831 426 900 ab
441 853 482 899 eo
499 853 664 922 nunquam
684 832 726 898 ita
749 834 1004 922 conjunguntur:
1027 831 1144 918 ἕσβολή,
1166 837 1243 918 ἔτος,
1265 831 1408 911 ἐνιαυτός,

290 945 432 1019 σπονδαί,
453 935 612 1020 ἀνακωχή,
632 937 787 1020 ἐκεχειρία,
809 937 921 1021 χρόνος,
943 943 1009 1020 ἔαρ,
1032 936 1104 1019 ὥρα,
1126 939 1218 1019 μοίχη,
1240 943 1405 1018 ναυμαχία,

290 1045 349 1128 νύξ,
363 1041 469 1126 ἡλικία,
484 1043 596 1120 στοίσις,
612 1038 785 1123 οίπόστασις,
800 1044 910 1124 καιρός,
925 1043 1037 1126 στόλος,
1051 1049 1126 1124 νίκη,
1141 1043 1275 1125 πρόεχμα,
1291 1040 1407 1123 πρᾶξις,

293 1148 382 1234 οίγοίν,
404 1147 527 1228 οἷνοίχιιη,
549 1146 675 1232 οἷπορία,
697 1151 793 1229 ἔργον,
815 1146 971 1231 deleaute.
1010 1221 1014 1229 ,

375 1254 468 1319 Nunc
489 1252 713 1341 quaerendum
736 1261 794 1328 est,
818 1252 894 1340 quid
917 1253 1021 1329 Thoe,
1043 1272 1114 1318 cum
1138 1251 1282 1340 singulos
1305 1249 1405 1316 libros

292 1357 457 1435 scriberet,
472 1379 532 1444 pro
549 1367 617 1423 toto
632 1355 719 1422 bello
736 1353 795 1440 (tu
806 1352 909 1441 ὁπότ.)
921 1356 1077 1424 habuerit.
1107 1358 1212 1446 Atque
1228 1355 1256 1421 ei
1273 1353 1405 1443 quidem

293 1464 348 1553 qui
364 1462 512 1530 Ullricum
531 1470 721 1549 sequuntur,
743 1460 903 1548 putabunt
925 1484 999 1528 eum
1014 1471 1079 1528 tres
1095 1461 1218 1548 primos
1235 1458 1406 1549 quartique

293 1566 458 1635 dimidium
480 1563 674 1633 scribentem
697 1563 818 1631 bellum
838 1566 866 1630 X
887 1585 1047 1632 annorum
1070 1587 1129 1654 pro
1154 1577 1223 1632 toto
1245 1562 1407 1638 babuisse,

294 1672 412 1739 deinde
435 1670 595 1739 sententia
616 1679 736 1735 mutata
759 1668 916 1736 vocabulo
938 1668 988 1735 tte
1003 1665 1097 1736 ὁπότ.
1120 1668 1197 1735 illud
1220 1669 1329 1734 XXVII
1351 1688 1408 1732 an-

294 1799 409 1844 norum
433 1773 639 1866 significasse.
676 1776 787 1863 Itaque
811 1775 897 1842 idem
919 1773 968 1840 ὅὸε
989 1772 1006 1838 ό
1027 1775 1091 1840 urit.
1113 1774 1144 1839 in
1168 1774 1215 1840 eis
1233 1781 1408 1860 quaesunt

293 1879 334 1946 ab
357 1881 369 1943 I
394 1886 407 1945 l
433 1880 602 1968 usquead
625 1881 662 1945 IV
683 1885 732 1955 48,
754 1879 932 1966 significare
955 1878 1077 1945 bellum
1101 1880 1213 1946 decem
1236 1897 1405 1952 annorum,

293 1985 326 2049 in
348 1983 473 2072 reliquo
497 2003 599 2070 opere
621 1982 699 2048 illud
721 1983 831 2048 XXVII
854 2003 1021 2049 annorum.
1057 1984 1126 2049 Hoc
1142 1982 1206 2049 veri
1222 1980 1323 2048 simile
1340 2001 1406 2045 non

295 2107 368 2155 esse
391 2087 463 2176 quis
486 2087 612 2176 estqui
635 2097 740 2177 neget.
780 2089 859 2154 Nam
883 2087 1021 2177 primum
1043 2085 1115 2153 libri
1138 2087 1230 2174 primi
1253 2085 1407 2152 maxime-

294 2214 358 2283 que
381 2193 538 2283 prooemii
560 2193 632 2272 loci,
654 2192 771 2284 quibus
794 2192 914 2260 bellum
937 2203 1039 2261 totum
1063 2189 1242 2278 (testata.)
1266 2211 1408 2257 comme-

294 2312 438 2366 moratur
460 2302 489 2365 ei
511 2308 601 2374 sont,
622 2308 659 2364 ut
680 2320 778 2385 supra
801 2299 1108 2374 demonstravimus,
1137 2295 1255 2386 quibus
1279 2293 1406 2362 difficile

296 2403 336 2470 sit
365 2413 480 2490 putare
502 2403 695 2491 scriptorem
718 2415 782 2470 tarn
804 2403 903 2470 multa
927 2413 1046 2470 ettam
1069 2422 1184 2492 magna
1207 2402 1248 2468 de
1271 2399 1356 2467 bello
1379 2400 1407 2464 X

294 2528 454 2573 annorum
470 2508 597 2575 dixisse.
635 2507 759 2574 Deinde
776 2508 882 2575 nullus
898 2507 1059 2574 iuvenitur
1073 2507 1237 2584 terminus,
1252 2507 1292 2572 ad
1310 2526 1407 2595 quem

294 2611 366 2700 quis
389 2621 502 2698 putare
524 2612 628 2698 possit
650 2612 840 2700 scriptorem
862 2610 982 2678 bellum
1010 2613 1038 2678 X
1059 2631 1217 2677 annorum
1250 2608 1407 2677 vocabulo

294 2713 343 2782 dos
358 2712 374 2779 ὅ
387 2716 453 2782 πάλ.
477 2714 672 2805 significasse
695 2726 728 2783 et
748 2737 768 2781 a
789 2735 856 2805 quo
879 2717 1024 2804 coeperit
1045 2716 1165 2783 bellum
1182 2717 1291 2782 XXVII
1306 2736 1408 2781 anno-

294 2843 366 2887 rum
395 2820 438 2886 ita
466 2819 653 2910 significare.
697 2820 765 2888 Lib.
788 2820 874 2888 enim
897 2822 934 2887 lV
957 2827 1010 2900 48,
1032 2830 1050 2889 5
1074 2821 1125 2888 bic
1149 2819 1304 2888 terminus
1333 2841 1407 2886 esse

294 2947 361 2992 non
384 2935 501 3015 potest,
525 2947 723 3016 quamquam
738 2925 871 2992 Ullricus
895 2946 970 2991 eum
993 2945 1065 2992 esse
1081 2926 1212 3014 putavit.
1248 2926 1328 2992 Nam
1344 2924 1407 2992 boc

292 3030 366 3098 loco
395 3051 460 3098 non
484 3032 525 3098 de
548 3041 618 3098 toto
641 3031 728 3099 bello
751 3031 818 3098 sive
840 3032 868 3096 X
889 3029 956 3097 sive
978 3029 1087 3096 XXVII
1109 3051 1270 3097 annorum
1295 3031 1408 3120 agitur,

294 3135 354 3202 sed
385 3135 425 3202 de
455 3135 541 3203 bello
570 3157 675 3226 usque
706 3157 747 3203 eo
779 3145 888 3225 gestu,
922 3145 956 3202 ut
985 3156 1084 3225 supra
1115 3130 1407 3205 demonstravimus

295 3239 380 3328 (pag.
402 3247 442 3309 29
464 3241 514 3307 iul
530 3241 558 3326 .).
607 3242 675 3307 Hoc
703 3251 811 3308 autem
843 3240 869 3308 si
898 3250 1022 3308 certum
1053 3250 1116 3318 est,
1144 3261 1186 3306 ne
1214 3240 1246 3307 id
1275 3239 1407 3328 quidem

294 3342 410 3410 Ullrico
433 3346 615 3428 concedere
637 3366 813 3433 possumus
834 3345 887 3412 illa
908 3344 1007 3412 verba
1027 3343 1083 3410 ὅσα
1104 3371 1137 3426 γε
1158 3348 1237 3410 κατα
1256 3349 1308 3410 τόν
1321 3346 1407 3411 πόλει

292 3474 350 3528 μον
370 3447 495 3515 advoca
524 3450 698 3539 scriptore,
727 3472 801 3517 cum
829 3470 913 3537 opus
942 3451 1117 3540 relegeret,
1146 3449 1301 3517 inculcata
1324 3470 1408 3528 esse,

293 3573 367 3620 cum
394 3554 586 3642 praesertim
614 3565 745 3622 etcum
775 3554 821 3622 eis
850 3575 934 3644 quae
963 3555 1176 3633 antecedunt,
1206 3565 1238 3622 et
1263 3555 1406 3622 cumeis

294 3678 378 3747 quae
409 3670 591 3749 sequuntur
618 3659 716 3728 artius
738 3659 947 3737 cohaereant,
976 3680 1073 3749 quam
1095 3669 1130 3725 ut
1152 3659 1218 3726 veri
1241 3659 1343 3726 simile
1366 3659 1407 3726 sit

293 3783 331 3830 ea
345 3764 408 3831 alio
424 3775 574 3853 tempore
589 3776 687 3854 atque
702 3765 782 3832 baeo
797 3765 914 3852 scripta
930 3785 1013 3832 esse.
1047 3765 1126 3832 Cum
1141 3774 1249 3831 autem
1271 3775 1408 3852 propter

291 3887 345 3935 res
368 3888 451 3958 quoe
474 3869 521 3937 eis
541 3868 688 3937 videnter
707 3870 962 3948 commemorari,
985 3880 1058 3936 ante
1078 3890 1199 3937 annum
1214 3877 1275 3938 410
1290 3889 1317 3935 a.
1334 3867 1406 3938 Clu.

292 3994 322 4037 n.
344 3973 462 4062 scripta
485 3994 558 4042 asse
582 3975 813 4063 nonpossint,
841 3975 1101 4044 concludendum
1124 3985 1174 4042 est
1203 3984 1304 4066 totam
1335 3994 1406 4040 eam

290 4077 361 4146 libri
385 4080 488 4168 quarti
511 4080 690 4169 partemin
714 4101 778 4171 qua
799 4081 1012 4158 inveniuntur,
1035 4091 1111 4167 post
1133 4100 1160 4146 a.
1176 4087 1238 4147 410
1253 4079 1406 4166 scriptam
1455 4113 1460 4176 ἐ
