3262 4752
762 247 970 309 „28-

312 431 398 493 τὸνὸε
427 449 525 516 quem
554 429 606 492 τάν
632 427 759 507 πόλεμον
779 429 829 491 τὸν
849 429 1039 495 καθεστῶτα.
1092 428 1152 508 Qui
1176 449 1254 494 vero
1277 429 1317 494 sit
1338 423 1354 492 ὃ
1376 429 1429 492 πά-

314 545 400 614 λτμσς
420 530 437 596 ὃ
457 517 631 613 καθιστάς,
655 533 773 599 nemini
797 531 930 601 dubium
953 554 1027 600 esse
1050 544 1166 620 potest.
1211 534 1291 598 Nam
1314 553 1428 622 quam-

314 659 412 729 quam
441 638 634 726 plerumque
657 638 790 726 vertitur
813 659 986 726 „praesens
1011 637 1158 716 bellum“,
1180 650 1288 705 tamen
1310 639 1336 706 si
1360 638 1429 706 dili-

312 743 439 832 gentius
469 753 502 808 et
529 743 592 808 vim
621 743 710 810 verbi
740 743 930 808 καθεστάναι
951 744 1134 830 respexeris
1157 755 1189 810 et
1212 767 1329 812 nexum
1353 766 1428 812 sen-

311 849 492 925 tentiarum,
514 848 545 913 in
569 869 635 937 quo
658 848 789 936 singulis
809 849 888 916 loeis
903 849 1073 926 invenitur,
1095 861 1201 916 tecum
1217 851 1428 938 reputaveris,

311 955 417 1021 iacere
442 974 506 1019 non
525 953 647 1040 poteris
664 953 739 1041 quin
758 964 863 1020 vertas
887 952 1058 1029 „bellum
1075 955 1185 1042 quod
1200 955 1277 1022 huc
1291 977 1427 1044 usque

313 1069 474 1147 gestum
498 1069 561 1124 est
583 1069 708 1148 atque
725 1060 849 1124 etiam
866 1060 1177 1147 nunegeritur.“
1209 1061 1323 1148 Neque
1340 1061 1427 1125 enim

313 1185 448 1250 prorsus
470 1163 587 1229 interiit
609 1164 640 1228 in
663 1161 764 1228 verbo
787 1163 976 1228 καθεστάναι
999 1163 1043 1229 vis
1067 1165 1200 1251 perfecti
1217 1165 1306 1254 quod
1323 1186 1429 1254 gram-1

313 1268 417 1335 matiei
440 1280 564 1346 vocant,
585 1280 621 1334 ut
644 1269 775 1355 paulurn
798 1277 885 1334 uerte
907 1268 1030 1334 intersit
1052 1269 1135 1335 inter
1157 1271 1359 1358 participium
1377 1269 1428 1345 ὢν,

311 1373 401 1461 quod
424 1371 580 1460 significat
595 1395 669 1440 eum
687 1373 742 1462 qui
758 1384 816 1447 est,
838 1384 871 1440 et
886 1374 1050 1455 καθιστάς,
1073 1375 1162 1462 quod
1179 1374 1334 1464 significat
1350 1398 1427 1442 eum
1503 1369 1506 1372 ’

311 1479 366 1568 qui
388 1479 490 1544 faetus
513 1490 571 1546 est.

396 1588 507 1675 itaque
537 1605 577 1650 eo
606 1584 680 1650 loco
711 1605 777 1672 quo
800 1584 938 1671 scriptor
961 1595 1066 1650 narrat
1087 1585 1362 1652 Lacedaemonios
1385 1608 1427 1652 ox

312 1690 554 1760 Plataeensibus
584 1689 797 1780 quaesivisse,
827 1713 904 1756 num
927 1711 963 1756 so
986 1689 1016 1756 ἐν
1037 1691 1079 1772 τῷ
1101 1689 1232 1788 τοι..τῷ
1253 1693 1428 1758 καθεστῶτι

310 1797 376 1863 ullo
405 1795 565 1863 beneficio
593 1793 791 1870 affecissent,
821 1793 942 1861 bellum
974 1795 1065 1882 quod
1096 1817 1200 1883 usque
1229 1817 1269 1861 eo
1298 1809 1426 1884 gestum

311 1916 394 1978 erat,
424 1898 635 1988 significatum
659 1919 732 1966 esse
755 1908 843 1986 patet
866 1899 916 1983 (til
939 1906 988 1974 52,
1011 1899 1051 1981 t).
1104 1900 1183 1964 Cum
1205 1912 1313 1967 autem
1334 1899 1352 1965 ὁ
1373 1905 1426 1968 κό-

309 2020 396 2088 λεμος
416 2004 481 2083 ὅσα,
513 2004 602 2094 quod
629 2003 727 2090 paulo
757 2014 832 2090 post
855 2024 924 2090 cap.
946 2011 1001 2080 54,
1024 2010 1043 2070 2
1065 2003 1238 2084 invenitur,
1269 2007 1355 2074 idem
1385 1999 1464 2074 sits

311 2112 400 2202 quod
421 2107 437 2176 ὃ
457 2123 523 2179 πολ.
543 2106 560 2174 ὁ
580 2111 751 2191 aasentias,
779 2119 815 2174 ut
837 2129 935 2196 supra
958 2109 1267 2187 demonstravimus,
1298 2134 1338 2179 ne
1361 2112 1426 2180 hoo

311 2218 440 2308 quidem
477 2215 635 2284 vocabulo
669 2214 754 2281 aliud
789 2215 866 2303 quid
900 2212 1111 2302 significatum
1145 2236 1218 2282 esse
1249 2226 1356 2297 potest
1388 2239 1426 2286 ao

311 2323 448 2402 „ballum
480 2323 569 2411 quod
599 2343 703 2410 usque
735 2341 775 2387 eo
806 2330 932 2408 gestum
959 2328 1037 2386 est“.
1088 2321 1176 2386 Hanc
1197 2331 1303 2386 autem
1328 2323 1425 2410 signi-

310 2427 494 2494 ficat-ionem
516 2428 638 2514 optime
662 2425 835 2494 convenire
856 2425 1035 2491 sententiae
1054 2445 1137 2512 quae
1153 2425 1248 2490 estin
1264 2425 1424 2504 hocloco,

312 2533 384 2622 quis
414 2542 464 2598 est
496 2531 550 2620 qui
581 2541 684 2619 neget.
735 2536 774 2596 At
796 2531 1020 2618 quaerendum
1043 2541 1108 2605 est,
1138 2552 1215 2595 num
1239 2530 1333 2596 etiam
1356 2530 1424 2598 aliis

309 2635 404 2712 locis,
435 2633 553 2724 quibus
585 2635 700 2701 eadem
729 2634 867 2700 formula
890 2631 1120 2714 antispastus
1148 2634 1322 2712 invenitur,
1353 2635 1424 2722 ejus

307 2740 495 2830 significatio
519 2739 634 2805 eadem
657 2761 730 2807 esse
753 2740 865 2827 possit.

394 2845 534 2910 Primum
558 2844 661 2932 igitur,
682 2846 708 2912 si
732 2866 818 2911 nuno
837 2844 968 2934 quidem
984 2865 1042 2911 eos
1057 2843 1147 2910 locos
1164 2845 1338 2912 omittimus
1355 2847 1424 2934 qui-

311 2950 372 3018 bus
395 2949 596 3041 singulorum
618 2971 777 3017 annorum
800 2973 852 3017 res
870 2960 980 3038 gestae
996 2948 1242 3026 concluduntur,
1263 2950 1344 3017 haee
1359 2952 1424 3017 sor-

308 3056 394 3122 mula
417 3056 578 3122 invenitur
599 3054 807 3132 tulllius
831 3053 884 3120 ubi
907 3055 1002 3144 legati
1025 3055 1292 3144 Mytilenaeorum
1315 3057 1425 3123 dieunt

310 3183 346 3228 se
379 3161 497 3228 diutius
527 3160 707 3227 libertatem
739 3182 830 3227 suam
861 3159 901 3226 ab
924 3158 1173 3228 Atheniensibus
1195 3161 1333 3228 tuituros
1356 3182 1422 3229 non

309 3266 418 3344 fuisse,
440 3266 499 3333 nisi
521 3263 537 3330 ὁ
557 3267 683 3347 πόλεμος
704 3263 753 3331 3οε
774 3264 1009 3333 intervenisset.
1044 3267 1162 3330 Putant
1184 3264 1278 3354 igitur
1299 3268 1424 3358 Mytile-

311 3371 381 3437 naei
396 3371 609 3438 Athenienses
634 3368 749 3437 bello
771 3392 905 3459 usque
929 3391 975 3437 eo
999 3381 1119 3458 gesto
1142 3371 1316 3458 impeditos
1340 3393 1423 3450 esse,

310 3476 483 3565 quominus
506 3496 542 3542 se
563 3478 826 3564 aggrederentur.
874 3479 953 3542 Nam
976 3475 1091 3543 melius
1114 3497 1189 3542 eum
1211 3475 1288 3541 illud
1310 3472 1424 3541 ὅκόλε·

308 3607 364 3662 μσς
380 3581 429 3648 ὅδε
451 3582 662 3668 interpretari.
687 3582 741 3672 qui
765 3593 856 3670 putat
872 3580 991 3648 bellum
1009 3603 1112 3668 usque
1129 3602 1169 3647 eo
1185 3590 1310 3668 gestum
1327 3580 1423 3668 signi-

308 3687 406 3765 ficari,
428 3682 523 3776 quam
549 3687 602 3774 qui
626 3697 738 3764 totum,
760 3687 831 3775 quis
855 3697 905 3753 est
927 3686 1003 3773 quin
1026 3684 1198 3774 intellegat.

394 3794 513 3869 11198,
543 3799 562 3859 t
591 3801 667 3858 sunt
693 3792 785 3858 haee:
820 3785 904 3857 orirer
933 3795 1079 3875 βέλτιστοι
1108 3792 1144 3871 δή
1174 3788 1279 3870 ἄνδρες
1307 3790 1346 3856 ἕν
1372 3790 1424 3871 τῷ

310 3903 464 3981 πολέμῳ
480 3897 577 3981 spida
592 3897 624 3961 ἔκ
638 3897 691 3979 τῆς
703 3897 869 3980 >Αθηνσάστν
882 3897 993 3966 πόλεως
1008 3895 1229 3977 διεφθάρησαν,
1265 3896 1334 3960 Ηο0
1348 3895 1422 3960 1000

309 4001 446 4068 formula
476 4003 525 4080 ,ἐν
545 4003 589 4086 τῷ
610 4008 729 4087 πολέμῳ
751 4003 843 4087 τῴᾶά
874 4012 977 4068 totum
1007 4000 1127 4067 bellurn
1156 3998 1324 4088 significari
1356 4020 1421 4065 non

308 4128 407 4196 posse
419 4107 588 4175 Herbstius
600 4119 686 4176 recte
701 4107 776 4175 mihi
792 4109 919 4176 videtur
934 4107 1177 4175 demonstrasse
1194 4105 1242 4192 (oi.
1255 4127 1326 4193 pag.
1339 4105 1422 4190 520).
