3262 4752
489 349 493 354 .
687 323 730 338 -
775 291 814 353 17
855 324 898 339 -·

488 365 504 424 l

230 471 436 563 Thucydides
465 469 528 536 hoc
555 470 628 535 loco
652 470 729 536 illud
754 475 1063 539 commemoraverit.
1113 474 1175 552 Qui
1197 474 1285 539 enim
1307 495 1347 540 ea

229 575 497 652 consideraverit,
528 595 612 664 quae
636 576 774 663 scriptor
797 577 837 642 de
860 598 895 642 se
926 577 1015 654 dixit,
1045 574 1105 643 sibi
1136 578 1346 665 persuadebit

229 706 303 750 eum
334 682 408 748 nihil
437 681 559 759 dicere,
590 681 648 747 uisi
673 702 756 769 quae
780 682 961 749 necessaria
984 693 1074 758 sunt,
1104 693 1139 748 ut
1162 705 1275 752 omnes
1299 686 1346 750 in-

228 789 477 876 tellegant'eum
502 787 597 852 talem
621 786 729 863 luisse,
752 787 802 853 eui
826 808 886 853 neo
907 787 1041 854 facultas
1065 808 1126 856 nec
1141 789 1287 858 voluntas
1304 791 1345 856 ad

229 915 281 960 res
304 912 437 980 magnas
459 901 548 958 reete
572 892 745 958 narrandas
770 893 915 958 defuerit.
967 894 1080 981 ltaque
1109 893 1248 961 arbitror
1270 918 1345 962 eum

230 998 376 1065 exsilium
399 1019 495 1063 suum
517 1016 807 1074 commemorasse,
830 997 920 1085 quod
942 997 982 1062 ad
1006 1019 1060 1063 res
1084 997 1124 1064 ab
1149 1022 1189 1066 eo
1212 1021 1343 1068 narran-

230 1105 287 1170 das
309 1123 426 1192 magno
450 1102 507 1167 luit
529 1110 705 1178 momentu,
729 1103 881 1189 quoniam
906 1123 945 1168 eo
970 1101 1120 1169 effectum
1142 1116 1208 1174 est.
1232 1117 1341 1174 utres

228 1207 541 1296 Peloponnesiorum
570 1211 639 1294 ipse
668 1217 880 1294 cognosceret
897 1218 943 1272 vet
972 1205 1012 1272 ab
1041 1209 1120 1296 ipsis
1150 1211 1342 1298 exquireret.

229 1314 339 1380 Priore
362 1323 469 1379 autem
492 1313 566 1379 loco
590 1334 654 1378 non
678 1312 951 1390 commemoravit,
975 1315 1063 1402 quod
1088 1315 1159 1400 ejus
1182 1337 1252 1382 mos
1277 1317 1343 1394 luit,

228 1428 263 1484 ut
285 1439 384 1506 supra
406 1415 551 1493 diximus,
575 1439 615 1483 ne
638 1417 670 1482 in
693 1416 791 1484 rebus
815 1417 981 1483 narrandis
1004 1418 1083 1505 quid
1107 1433 1341 1506 praesumeret,

229 1526 268 1590 ad
300 1545 337 1590 ea
367 1534 476 1589 autem
506 1543 589 1610 quae
619 1522 781 1609 prioribus
811 1522 898 1588 libris
930 1523 1082 1601 narravit,
1112 1527 1287 1594 accuratius
1311 1539 1345 1594 et

229 1629 411 1718 diligentius
433 1627 633 1715 exquirenda
657 1648 694 1694 ae
716 1627 944 1716 cognoscenda
967 1627 1043 1694 nihil
1067 1630 1255 1717 valuitejus
1286 1654 1342 1699 ex-

228 1736 341 1803 silium.
392 1733 522 1800 heredit
552 1733 640 1820 quod
668 1733 694 1798 si
720 1733 752 1797 in
782 1732 890 1820 priore
913 1735 1085 1819 prooemio
1108 1734 1171 1801 hoc
1193 1737 1339 1803 exsilium

228 1840 430 1916 narravisset,
455 1840 495 1905 de
519 1844 687 1920 στρατηγίᾳ
708 1858 774 1913 sua,
798 1857 896 1925 quam
919 1838 989 1924 ejus
1012 1838 1112 1906 luisse
1134 1859 1261 1906 eausam
1279 1841 1342 1908 hoc

175 1976 179 1984 =
228 1948 300 2014 loco
331 1942 500 2034 significat,
531 1953 605 2009 ant-e
634 1940 779 2029 pluribus
808 1941 981 2008 dicendum
1009 1944 1084 2021 luit,
1114 1959 1212 2034 quam
1243 1946 1340 2014 rebus

229 2050 389 2139 prioribus
420 2049 553 2115 narratis
581 2058 767 2134 temporum
796 2047 908 2113 ordine
945 2047 985 2113 ad
1024 2069 1098 2114 eam
1133 2052 1342 2138 pervenisset,

229 2155 319 2244 quod
340 2164 469 2242 praeter
491 2153 561 2240 ejus
584 2152 854 2219 consuetudinem
876 2152 976 2219 luisse
1000 2153 1146 2221 diximus.

313 2247 397 2324 Num
412 2279 489 2324 vero
503 2257 606 2323 Ullrici
622 2258 779 2323 sententia
796 2278 835 2323 eo
852 2255 1085 2345 comprobetur
1100 2260 1190 2346 quod
1205 2260 1343 2348 scriptor

229 2366 343 2430 iterum
365 2361 522 2450 α’κριβειαν
543 2373 776 2428 commemorat
799 2373 831 2428 et
854 2363 985 2450 quidem
1008 2362 1106 2430 rebus
1123 2365 1232 2450 paucis
1250 2365 1290 2431 de
1306 2389 1341 2434 se

231 2470 355 2546 additis,
367 2469 593 2556 intellegimus,
603 2468 630 2534 si
642 2467 727 2533 huuc
738 2467 843 2533 locum
857 2468 1015 2554 prooemii
1027 2467 1080 2534 lib.
1093 2470 1105 2532 l
1118 2471 1343 2557 componimus

229 2596 302 2642 cum
324 2574 432 2641 verbis
454 2573 513 2640 illis
536 2573 695 2661 prooemii
717 2573 855 2639 alterius.
900 2572 965 2638 Lib.
989 2573 1082 2663 igitur
1104 2576 1116 2638 l
1139 2583 1197 2654 22,
1226 2585 1245 2644 2
1268 2591 1344 2644 sunt

228 2681 321 2747 baec:
344 2682 384 2744 ud
406 2683 507 2760 δ’ἔργα
528 2681 589 2744 των
604 2685 808 2760 πραχθέντων
823 2679 855 2743 ἕν
867 2679 911 2762 τῷ
927 2687 1045 2762 πολέμῳ
1060 2679 1116 2746 oo'c
1131 2680 1163 2744 ἐκ
1177 2682 1231 2748 τοῦ
1245 2710 1343 2764 παρα-

227 2787 369 2861 τυχόνῑσς
390 2781 614 2862 πυνθανόμενος
634 2781 747 2865 ἠξίωσα
768 2783 897 2866 γράφειν
918 2781 978 2849 odd’
1001 2780 1039 2854 oie
1060 2785 1125 2864 ἐμοὶ
1147 2786 1255 2871 ἐδόκει,
1282 2787 1345 2854 dra'

228 2889 271 2961 οἷς
297 2915 330 2956 τε
358 2886 448 2958 αὐτὸς
468 2888 569 2971 παρῆν
589 2889 640 2952 καὶ
662 2891 747 2968 παραὶ
768 2889 829 2954 τῶν
850 2887 947 2953 ἄλλων
967 2887 1037 2954 ὅσον
1058 2893 1185 2957 δυνατὸν
1206 2891 1344 2978 σῖκριβείᾳ

227 2997 296 3076 περὶ
307 2997 436 3061 ἕκαστον
450 2993 625 3063 ἐπεξελθών.
657 2993 709 3060 llis
725 2993 821 3080 igitur
837 2992 943 3060 verbis
956 2993 1158 3085 Thucydides
1174 2995 1343 3064 confirmat

228 3123 263 3168 se
279 3122 388 3167 rerum
403 3100 469 3166 aliis
485 3099 591 3185 ipsum
606 3097 797 3176 interfuisse,
811 3099 887 3165 alias
908 3119 1005 3187 quam
1025 3099 1161 3165 maxima
1182 3100 1342 3189 diligentia

229 3226 268 3270 ex
280 3205 348 3271 aliis
362 3203 581 3293 exquisivisse.
606 3204 670 3270 Lib.
681 3214 789 3269 autem
800 3206 822 3270 V
832 3211 907 3280 26,5
920 3214 995 3270 sunt
1006 3203 1101 3270 haec:
1114 3205 1241 3290 ἐπεβίων
1251 3213 1285 3272 tl
1296 3211 1345 3272 did

227 3311 338 3380 παντός
349 3309 443 3376 αὐτοῦ
455 3311 509 3396 (sc.
521 3311 673 3395 πολέμου),
689 3309 909 3388 αἰσθανόμενός
920 3335 954 3375 τε
965 3311 1002 3390 τῇ
1017 3305 1116 3394 ἡλικίᾳ
1126 3312 1177 3376 καὶ
1187 3318 1347 3392 προσέχων

226 3417 282 3495 τήν
295 3415 414 3498 γνώμην
427 3413 507 3485 ὅπως
522 3413 642 3502 ἀκριβές
651 3440 682 3480 τι
693 3417 820 3494 εἴσομαι.
847 3415 901 3480 His
914 3415 1008 3502 igitur
1020 3414 1127 3483 verbis
1140 3417 1344 3508 Thucydides

226 3519 396 3587 confirmat
415 3542 461 3597 se,
485 3520 593 3607 quoad
611 3519 733 3586 bellum
749 3531 876 3608 gestum
893 3521 941 3597 sit,
967 3520 1084 3588 vixisse
1099 3532 1132 3587 et
1147 3521 1280 3610 quidem
1295 3522 1347 3600 ita,

226 3637 261 3692 ut
290 3637 323 3692 et
352 3637 489 3714 propter
511 3635 649 3692 aetatem
674 3647 727 3692 res
750 3636 857 3714 gestas
881 3637 969 3693 recte
992 3626 1181 3715 intellegere
1204 3628 1347 3714 potuerit

228 3740 260 3796 et
289 3731 426 3797 maxime
455 3731 615 3797 studuerit
643 3744 762 3798 certam
794 3752 904 3797 rerum
931 3730 1149 3818 cognitionem
1177 3730 1237 3797 sibi
1260 3751 1347 3796 com·

225 3855 349 3922 parare.
401 3836 511 3902 Priore
542 3836 637 3924 igitur
659 3838 732 3904 loco
755 3837 895 3924 scriptor
918 3836 991 3902 nihil
1015 3834 1153 3901 affirmat
1175 3835 1234 3902 nisi
1256 3855 1292 3901 se
1315 3834 1347 3899 in

224 3940 323 4008 rebus
355 3941 564 4030 exquirendis
587 3964 713 4008 summa
737 3943 900 4030 diligentia
923 3964 1018 4008 usum
1045 3961 1136 4016 esse,
1165 3938 1348 4027 posteriore

226 4055 334 4112 autem
355 4068 416 4134 per
438 4057 542 4112 totum
565 4046 688 4114 bellum
704 4045 767 4113 boc
781 4068 817 4112 se
833 4047 951 4114 secisse
967 4056 999 4112 et
1014 4067 1073 4132 per
1088 4055 1224 4111 aetatem
1242 4044 1348 4110 lacere

226 4151 287 4218 sibi
309 4152 445 4220 licuisse.
490 4153 586 4231 Quod
609 4173 667 4218 cur
689 4152 752 4218 hoc
774 4151 847 4218 loeo
870 4151 1025 4229 affirmet,
1049 4151 1292 4238 cognoscimus
1321 4149 1348 4216 si

1146 4272 1163 4320 a
