3262 4752
753 263 966 333 ...43-

384 443 445 527 Qui
467 463 545 513 vero
563 442 673 513 dieunt
695 445 925 534 Thucydidem,
947 447 973 515 si
997 461 1072 537 post
1095 447 1193 520 totius
1215 448 1291 522 belli
1313 451 1410 525 finem

299 572 384 640 opus
406 575 500 620 suom
523 552 664 620 scribere
686 554 863 643 coepisset,
892 555 1096 642 pestilentiae
1119 579 1185 625 non
1209 571 1328 628 tantam
1349 562 1414 630 vim

299 657 492 725 tributurum
510 657 621 736 luisse,
643 659 814 749 neglegere
831 659 905 726 mihi
920 659 1081 740 videntur,
1104 685 1170 754 quo
1186 663 1259 731 loco
1275 667 1414 755 scriptor

298 762 380 830 hano
402 765 710 831 commemoraverit.
744 765 825 831 Nam
847 787 920 833 oum
937 765 1019 833 hane
1034 766 1065 832 in
1081 768 1127 867 ejs
1145 782 1313 838 enumeret
1329 795 1414 861 quae

298 868 445 950 πρότερον
462 867 537 950 α’κοῇ
550 875 605 948 μὲν
617 871 766 953 λεγόμενα,
788 875 867 954 ἔργῳ
881 876 915 937 di
929 874 1133 954 σπανιώτερον
1148 877 1346 959 βεβαιούμενα
1361 874 1414 944 otia

297 971 412 1039 ἄπιστα
434 979 581 1055 κατέστη,
605 975 714 1043 nescio
739 975 815 1065 quid
839 975 935 1065 hujus
958 977 1085 1066 generis
1108 981 1264 1047 memoria
1287 979 1413 1071 dignius

297 1077 392 1144 luent
415 1089 544 1166 praeter
564 1079 615 1145 illa
638 1101 722 1169 quae
745 1081 1025 1149 commemoravit:
1053 1084 1198 1167 σεισμούς,
1220 1080 1303 1164 ἡλίου
1324 1087 1414 1154 intet-

296 1204 369 1268 ριειι,
391 1183 532 1264 αὐχμούς,
554 1185 664 1266 epodo.
702 1187 799 1266 Quod
821 1197 928 1253 autem
951 1207 1210 1255 commemorans
1225 1189 1331 1257 addit:
1355 1191 1413 1269 cdx

294 1287 403 1368 ἥκιστα
432 1287 576 1375 βλάψασα
604 1291 653 1355 καὶ
681 1296 770 1372 μέρος
794 1316 824 1358 τι
852 1299 1012 1374 φθείρασα
1041 1291 1160 1358 nemini
1190 1293 1306 1360 mirum
1337 1316 1412 1362 esse

296 1403 413 1480 potest.
462 1394 542 1459 Nam
565 1395 702 1483 primum
726 1397 796 1483 ejus
820 1396 936 1463 damna
958 1407 1046 1463 tanta
1069 1408 1176 1474 erant,
1199 1409 1234 1465 ut
1258 1399 1303 1466 eis
1327 1422 1411 1488 quae

297 1497 503 1584 expeditione
537 1500 690 1568 Siciliensi
724 1500 839 1568 effecta
871 1511 959 1578 sunt,
993 1522 1059 1568 non
1096 1500 1258 1568 dissimilia
1292 1497 1411 1584 essent,

296 1604 416 1671 deinde
440 1626 510 1671 eam
528 1605 678 1673 hocloco
694 1627 951 1674 commemorare
967 1627 1032 1671 non
1049 1615 1186 1693 poterat,
1209 1608 1269 1675 nisi
1284 1632 1411 1677 summa

296 1709 375 1802 haec
397 1709 513 1776 damna
536 1707 642 1778 verbis
664 1710 828 1778 efferebat.
867 1711 989 1778 Etenim
1013 1710 1039 1777 si
1062 1711 1185 1777 minora
1200 1711 1344 1794 luissent,
1369 1735 1410 1781 ne

296 1814 348 1880 illa
377 1816 510 1903 quidem
538 1816 650 1884 luisset
674 1816 785 1906 digna,
815 1837 899 1905 quae
922 1817 1005 1883 inter
1026 1837 1078 1883 res
1101 1815 1241 1905 reliquas
1263 1821 1410 1901 σεισμούς,

295 1919 438 2003 αὐχμούς,
453 1917 537 2000 ἡλίου
552 1921 701 2006 ἐκλείψεις,
716 1923 818 2001 λιμούς
832 1934 1150 1988 commemoraretur.
1174 1922 1302 1989 Accedit
1318 1925 1407 2012 quod

296 2025 435 2112 scriptor
463 2024 665 2113 pestilentiae
693 2025 783 2092 malis
814 2047 880 2092 non
912 2026 1017 2093 solum
1047 2026 1202 2104 interluit,
1230 2028 1409 2094 sedetiam

295 2130 366 2219 ipse
388 2151 567 2217 oppressus
589 2141 645 2198 est.
681 2132 789 2210 Quare
812 2130 991 2219 putandum
1015 2129 1162 2197 estnihil
1186 2143 1355 2218 tantopere
1376 2131 1408 2197 in

296 2237 366 2325 ejus
394 2245 503 2302 mente
531 2236 724 2324 impressum
753 2236 852 2304 luisse
875 2246 1078 2324 quantopere
1101 2237 1290 2303 memoriam
1312 2237 1408 2324 hujus

295 2344 451 2412 miseriae.
500 2343 677 2429 Propterea
707 2341 783 2409 nihil
805 2341 874 2407 miri
897 2341 928 2406 in
952 2361 992 2409 eo
1015 2340 1143 2408 videtur
1164 2341 1286 2417 inesse,
1316 2339 1407 2429 quod

295 2451 377 2517 hanc
399 2450 430 2516 in
453 2445 645 2537 gravissimis
668 2447 714 2512 eis
737 2443 834 2514 rebus
859 2455 1035 2523 enumeret,
1059 2466 1141 2534 quae
1161 2445 1338 2526 μιτοὲτοῦόε
1352 2443 1407 2509 τοῦ

294 2559 425 2633 πολέμου
446 2550 511 2632 ἅμα
531 2555 735 2621 ξυνεπέθεντο.

380 2655 528 2722 Similiter
557 2654 631 2721 mihi
660 2653 788 2720 videtur
811 2654 1021 2741 judicandum
1051 2675 1124 2721 esse
1155 2655 1196 2721 de
1224 2654 1407 2722 delectione

294 2763 389 2830 lunae
411 2759 486 2827 anni
508 2767 569 2828 413
592 2778 619 2823 a.
642 2755 713 2825 Chr.
736 2780 783 2835 m,
813 2779 911 2847 quam
934 2759 1068 2826 Ullricus
1099 2771 1190 2847 putat
1215 2759 1405 2848 scriptorem

294 2887 360 2932 non
383 2864 489 2930 minus
512 2883 608 2952 quam
631 2861 708 2928 solis
731 2862 930 2932 delectiones
953 2875 1280 2931 commemoraturum
1298 2864 1407 2940 luisse,

294 2973 321 3040 si
343 2971 421 3039 haec
442 2968 587 3036 scribens
609 2987 680 3034 eam
703 2967 861 3056 cognitam
884 2967 1058 3036 habuisset.
1090 2970 1155 3037 Sed
1178 2969 1204 3036 si
1224 2968 1406 3057 diligentius

295 3100 332 3145 ea
355 3076 523 3145 nobiscum
547 3085 735 3161 reputamus
758 3092 841 3161 quae
864 3073 993 3140 suntin
1015 3074 1033 3162 §
1056 3082 1092 3153 3,
1122 3073 1309 3151 consilium,
1339 3095 1405 3162 quo

293 3184 432 3271 scriptor
452 3181 532 3247 haec
555 3178 691 3266 scripsit,
714 3177 746 3244 id
768 3178 994 3256 videturesse,
1015 3191 1051 3246 ot
1067 3180 1269 3247 demonstret
1285 3178 1406 3245 bellum

294 3287 383 3377 quod
407 3297 593 3353 narraturus
616 3284 673 3361 sit,
695 3302 761 3349 nou
784 3282 889 3350 solum
911 3295 1048 3372 propter
1070 3285 1142 3372 ejus
1165 3283 1405 3351 diuturnitatem
1474 3365 1478 3374 .

293 3391 554 3480 calamitatesque
577 3389 715 3478 quaein
738 3409 778 3455 eo
800 3388 832 3453 iu
855 3387 1003 3456 homines
1022 3389 1205 3467 inciderint,
1227 3389 1286 3458 sed
1309 3389 1406 3455 etiam

293 3506 430 3587 propter
451 3517 512 3574 ree,
535 3515 619 3584 quae
642 3513 718 3562 casu
740 3514 800 3582 per
821 3491 884 3560 hoc
898 3493 1079 3571 acciderint,
1102 3495 1257 3563 memoria
1274 3493 1405 3584 dignum

292 3623 374 3671 esse.
409 3605 448 3669 Ut
469 3621 548 3669 vero
569 3600 602 3666 iu
624 3599 672 3667 his
696 3600 791 3666 lunae
815 3598 1015 3667 delectiones
1038 3622 1103 3667 nou
1126 3608 1405 3672 commemoraret,

292 3707 379 3774 nulla
401 3726 497 3774 causa
519 3705 647 3772 videtur
667 3704 786 3772 factum
802 3725 886 3782 esse,
907 3704 967 3772 nisi
983 3704 1072 3793 quod
1088 3703 1238 3772 haecum
1254 3701 1405 3770 omuibus

291 3823 360 3879 tum
387 3813 447 3901 ipsi
477 3811 583 3878 minus
613 3829 728 3900 graves
755 3830 792 3877 ac
812 3810 990 3898 singulares
1012 3808 1222 3888 videbantur,
1250 3828 1348 3897 quam
1370 3816 1405 3871 ut

291 3917 323 3983 in
346 3919 393 3986 eis
416 3937 500 4008 quae
523 3913 598 3998 α’κοῇ
612 3921 668 3996 μὲν
680 3916 828 3999 λεγόμενα,
849 3919 928 4001 ἔργῳ
943 3921 976 3982 tt
991 3916 1194 3997 σπανιώτερον
1209 3913 1406 3998 βεβαιούμενα

292 4034 392 4101 erant,
414 4023 667 4090 nominarentur.
716 4023 820 4112 Atque
843 4029 904 4089 425
928 4019 1059 4110 quidem
1083 4020 1157 4086 anni
1180 4020 1274 4087 lunae
1298 4015 1406 4084 defec-

291 4127 413 4195 tionem
437 4128 569 4195 omnino
592 4149 658 4194 non
681 4127 955 4195 commemoravit.
992 4125 1079 4191 lllam
1095 4135 1203 4192 autem
1220 4145 1282 4215 qua
1298 4121 1404 4189 Niciae
