3262 4752
712 280 922 342 ...ῃ-

343 459 414 525 Νοη
437 454 576 524 alienum
599 454 674 520 mihi
698 455 823 522 videtur
844 456 907 522 hoc
929 456 1001 524 loco
1024 477 1125 544 pauca
1145 458 1186 524 de
1203 462 1372 547 prooemio

260 562 376 640 dicere,
399 562 489 651 quod
508 560 639 627 Ullricus
664 560 719 636 eis,
742 581 826 649 quae
850 562 890 627 de
913 582 953 627 eo
976 562 1135 639 disseruit,
1159 583 1223 630 non
1240 564 1371 650 paulum

259 667 333 734 mihi
357 667 483 733 videtur
505 665 670 752 scriptoris
693 666 871 732 auctoritati
894 667 1055 734 nocuisse.
1088 668 1166 734 Cum
1190 669 1276 734 enim
1291 669 1372 735 Thu-

259 773 394 864 cydides
423 773 455 838 in
486 771 654 859 prooemio
677 771 719 835 ita
741 771 815 836 velit
838 792 896 838 eos
920 771 974 860 qui
997 794 1080 859 opus
1103 773 1209 860 legant
1232 783 1395 866 attentos.

259 899 297 945 ac
319 898 503 965 propensos
526 875 674 950 reddere,
696 886 731 941 ut
752 875 816 942 hoc
839 875 959 943 bellum
982 876 1132 944 omnibus
1155 877 1317 965 prioribus
1340 891 1373 945 et

259 984 424 1051 atrocitate
447 994 480 1048 et
495 981 699 1063 diuturnitate
715 993 878 1069 praestare
895 984 1105 1060 demonstret,
1129 983 1260 1050 Ullricus
1282 994 1374 1071 putat

259 1089 321 1154 hoc
350 1111 424 1154 eum
455 1087 648 1174 scripturum
673 1087 879 1164 occidisse,
908 1089 935 1154 si
957 1099 1031 1180 post
1053 1089 1152 1155 totius
1176 1087 1250 1155 belli
1272 1088 1369 1155 finem

259 1193 321 1260 hoc
350 1193 554 1281 prooemium
583 1192 829 1279 composuisset.
879 1194 958 1259 Nam
988 1205 1054 1260 tum
1084 1194 1160 1260 satis
1189 1191 1370 1260 habiturum

259 1319 333 1363 eum
362 1298 461 1364 suisse
492 1298 599 1364 dicere
628 1296 751 1363 bellum
779 1319 838 1385 per
867 1299 976 1364 XXVII
998 1320 1102 1366 annos
1132 1310 1258 1388 gestum
1289 1321 1372 1374 esse,

259 1424 323 1490 qua
345 1424 379 1468 re
402 1389 575 1492 unicuique
597 1403 810 1490 persuaderet
831 1402 894 1470 hoe
915 1401 1038 1470 bellum
1054 1424 1127 1470 esse
1143 1403 1286 1470 omnium
1303 1425 1373 1492 gra-

260 1508 465 1591 vissimum.⁵)
500 1509 619 1572 Eorum
640 1506 743 1594 igitur,
766 1529 848 1596 quae
872 1509 913 1574 de
935 1509 1136 1598 longitudine
1158 1496 1372 1575 et'atrocitate

259 1612 335 1678 belli
358 1611 492 1688 diceret,
515 1633 645 1678 causam
669 1634 733 1678 non
753 1613 896 1679 ¹suturam
920 1613 1033 1690 fuisse,
1057 1613 1117 1680 nisi
1139 1615 1228 1700 prius
1252 1613 1370 1680 bellum

260 1739 409 1806 quaeque
425 1718 457 1782 in
474 1739 513 1784 eo
530 1728 621 1806 gesta
637 1728 757 1792 essent,
778 1730 845 1784 arte
861 1719 1019 1785 rhetorica
1036 1739 1152 1790 ornare
1169 1729 1201 1784 et
1216 1719 1371 1785 extollere

259 1823 422 1889 voluisset.
433 1823 458 1908 ⁶)
492 1824 559 1888 Hoc
581 1823 607 1889 si
631 1844 741 1889 verum
765 1835 860 1900 esset,
882 1823 1076 1914 Thucydidis
1099 1824 1213 1889 mirum
1235 1845 1313 1889 sane
1335 1843 1372 1890 aa

259 1951 378 1996 novum
410 1938 497 1995 esset
523 1927 664 1993 veritatis
692 1929 851 2006 studium,
880 1931 935 2017 qui
963 1949 1029 2016 quo
1057 1928 1130 1994 loeo
1152 1929 1370 2018 logographos

259 2044 440 2122 poetasque
470 2034 595 2099 minore
625 2053 697 2099 esse
726 2030 792 2098 fide
824 2032 898 2099 dicit
922 2035 1017 2118 (121,
1042 2034 1086 2117 l),
1115 2055 1188 2100 cum
1214 2055 1266 2100 res
1290 2055 1370 2121 quas

259 2149 390 2205 narrent
411 2149 465 2204 aut
486 2137 639 2204 addendo
655 2145 793 2226 augeant
808 2149 863 2203 aut
877 2139 981 2225 aptius
998 2139 1037 2204 ad
1055 2139 1230 2225 capiendos
1246 2139 1370 2205 animos

259 2266 355 2335 quam
381 2245 485 2311 verius
509 2243 655 2324 reddant,
677 2263 779 2331 seque
802 2242 970 2310 confirmat
993 2267 1088 2332 quarn
1105 2244 1242 2310 maxime
1258 2265 1370 2310 verum

258 2351 438 2438 comperire
467 2348 647 2425 studuisse,
682 2349 798 2414 eodem
831 2371 882 2416 res
914 2372 994 2439 quas
1023 2350 1093 2438 ipse
1123 2360 1278 2424 narraret,
1311 2369 1369 2415 seu

258 2467 428 2542 poetarum
464 2475 523 2520 seu
556 2452 828 2541 logographorom
863 2454 962 2521 modo
994 2465 1151 2521 tractaret.
1206 2456 1302 2535 Quod
1335 2465 1370 2520 ut

258 2558 478 2648 Thucydidem
501 2559 617 2624 fecisse
640 2558 787 2634 credam,
814 2568 937 2624 tantum
960 2558 1068 2636 obest,
1095 2571 1130 2625 ut
1153 2580 1194 2626 ex
1216 2581 1256 2626 eo
1279 2559 1369 2648 quod

258 2662 354 2749 hujus
381 2663 540 2748 prooemii
570 2673 793 2750 argumentum
826 2664 923 2730 totius
954 2661 1026 2730 belii
1050 2664 1222 2730 narrationi
1245 2665 1370 2732 videtur

258 2768 546 2843 accommodatum,
569 2765 685 2853 prioris
707 2766 782 2834 belli
805 2769 976 2835 narrationi
1000 2791 1064 2836 non
1081 2771 1370 2846 accommodatum,

258 2872 318 2938 nisi
340 2883 491 2960 putamus
508 2871 727 2961 Thucydidem
750 2885 818 2940 arte
840 2873 997 2941 rhetorica
1018 2898 1112 2942 usum
1136 2896 1218 2952 esse,
1241 2876 1370 2941 conclu-

259 2979 331 3044 dam
362 2978 553 3065 soriptorem
582 2987 684 3044 totum
715 2978 835 3046 bellum
866 2980 1093 3067 respicientem
1127 2981 1157 3046 id
1192 2979 1369 3065 scripsisse,

258 3083 287 3148 h.
311 3106 337 3149 e.
361 3107 433 3152 cum
450 3095 560 3154 totum
584 3082 704 3149 beilum
727 3081 852 3148 finitum
874 3094 969 3150 esset.

784 3371 846 3446 ΙΙΙ.

340 3531 378 3594 Ε1
400 3529 551 3617 quoniam
575 3529 680 3596 adhuc
702 3550 740 3595 ea
755 3540 943 3616 argumenta
959 3529 1062 3596 Ultrici
1077 3529 1261 3604 refellimus,
1284 3549 1368 3616 quae

257 3657 295 3702 ex
327 3645 479 3724 quattuor
509 3635 619 3721 primis
647 3632 735 3701 libris
763 3634 880 3713 hausit,
905 3634 972 3720 jam
1003 3635 1043 3700 de
1072 3635 1174 3700 altero
1198 3632 1366 3720 prooemio

257 3741 345 3828 quod
363 3749 478 3807 vocant
502 3740 537 3825 (V
551 3742 603 3824 26)
627 3739 701 3804 mihi
723 3740 883 3828 agendum
908 3750 965 3816 est,
987 3739 1226 3828 quodquidam
1246 3737 1368 3804 Gilbert

258 3887 456 3898 ...ψ

341 3965 363 4033 ⁵)
383 3962 418 4018 cf.
437 3979 504 4032 pag,
526 3964 573 4018 111
595 3960 659 4015 infr.

340 4056 362 4126 ὅ)
382 4057 417 4112 cf.
436 4073 504 4125 pag.
528 4059 593 4110 107:
621 4055 702 4110 Aueh
722 4055 904 4124 Thukydides
924 4095 931 4110 .
951 4095 958 4110 .
978 4095 984 4110 .
1008 4056 1078 4109 wird
1192 4054 1221 4106 in
1241 4053 1285 4108 die
1304 4051 1367 4106 red·

254 4142 382 4198 nerische
402 4143 637 4211 Beweissdhrung
656 4141 806 4210 gedrhngt.
