3262 4752
669 287 877 356 ...51-

215 482 324 542 σὲοντα
348 477 444 561 (122,
468 475 497 558 1)
520 481 693 550 vocantur,
724 470 905 559 disputavit.
955 471 1020 538 Sed
1049 472 1091 538 de
1118 470 1177 539 hac
1207 495 1242 540 re
1272 474 1334 541 alio

215 594 366 668 tempore
390 579 485 647 nobis
507 577 669 667 agendum
694 577 761 642 erit.
804 575 880 642 Loci
904 587 1012 643 autem
1034 576 1077 642 illi
1099 588 1175 642 sunt
1197 576 1243 642 hi:
1304 619 1305 626 ι

300 699 689 785 1113,71οσοῦτοιηοίρ
721 703 892 784 ἐφύλασσον
920 703 964 764 τί
989 701 1160 784 πρῶτον,
1189 699 1277 770 ὁπότε
1307 705 1336 768 οί

214 816 352 890 πολέμιοι
373 810 536 895 ἐσβάλοιεν.
569 809 607 876 cl.
624 807 848 875 Vollheimium
864 805 895 871 in
912 826 1020 894 progr.
1037 825 1147 893 gymn.
1162 807 1335 876 lslebensis

216 935 244 979 a.
270 920 349 982 1878
371 935 444 1002 pag.
467 921 493 980 9.

302 1039 342 1102 lll
364 1045 415 1114 68,
437 1047 456 1105 4
478 1045 644 1119 νομίζοντες
660 1037 691 1110 ἒς
705 1040 758 1102 τᾶν
772 1036 901 1115 πόλεμον
916 1033 1026 1104 αίτοίς
1040 1032 1132 1114 ίίρτι
1153 1038 1337 1104 ravenae.

216 1146 430 1222 ιστάμενον
451 1140 620 1226 ὠφελίμους
647 1136 729 1206 εἶναι.
780 1143 827 1205 De
858 1140 1007 1226 quinto
1037 1138 1112 1206 belli
1142 1162 1227 1209 anno
1258 1143 1338 1211 haec

221 1247 305 1314 dicta
328 1259 413 1316 snut.

302 1375 343 1437 Ill
365 1380 414 1448 82,
440 1382 453 1438 1
479 1371 574 1443 οὕτως
594 1369 658 1452 111μή
681 1373 785 1441 στάσις
805 1365 1020 1450 προυχώρησε,
1042 1369 1091 1432 καί
1114 1373 1196 1440 ἐ’ὅοξε
1216 1373 1337 1455 μᾶλλον,

217 1477 294 1542 oren
323 1479 362 1542 ἒν
387 1489 471 1546 τοῖς
498 1479 632 1557 προίτη
662 1477 777 1556 ἐγένετο
808 1475 872 1538 ἐπεὶ
895 1472 1064 1553 ὕστερόν
1085 1500 1126 1552 γε
1147 1477 1196 1539 καί
1217 1477 1279 1542 πᾶν
1300 1475 1339 1549 oie

222 1581 316 1646 εἰπεῖν
336 1583 372 1645 τί
391 1577 553 1662 Ἑλληνικὸν
574 1581 709 1662 ἐκινήθη.

304 1707 342 1772 lV
366 1711 422 1781 81,
446 1714 465 1772 2
488 1711 520 1776 ἔς
540 1731 574 1770 τε
596 1708 647 1770 τίν
668 1704 766 1785 χρόνῳ
788 1699 914 1783 ὕστερον
935 1704 1012 1781 μετοί
1033 1704 1073 1766 τοί
1094 1703 1134 1765 ἐκ
1154 1714 1339 1778 Σικελίας

217 1808 389 1888 πόλεμον
414 1805 434 1888 ἦ
460 1810 530 1874 τότε
551 1815 703 1888 Βρασίδου
724 1805 823 1887 οίρετή
844 1857 851 1871 .
876 1853 885 1872 .
909 1858 915 1870 .
937 1808 1069 1884 μάλιστα
1091 1807 1258 1888 ἐπιθυμίαν
1279 1810 1339 1875 ἔνι·

216 1919 296 1977 ποίει
316 1924 379 1982 τοῖς
399 1910 562 1994 Ἀθηναιαν
582 1917 747 1993 ξυμμάχοις
768 1912 798 1982 ἐς
818 1911 887 1980 τούς
908 1917 1170 1990 Λακεδαιμονίους.

301 2039 339 2104 111
363 2044 440 2114 108,
462 2046 481 2104 4
503 2038 554 2101 καὶ
576 2040 633 2117 yolo
655 2039 705 2102 καί
728 2035 814 2102 loeta
835 2037 980 2118 ἐφαίνετο
1001 2035 1119 2115 ου’τοίς,
1150 2038 1341 2122 ἐψευσμένοις

216 2146 273 2219 μίν
297 2141 352 2219 τῆς
373 2141 539 2222 Ἀθηναίων
567 2143 721 2232 δυνάμεως
751 2142 800 2206 ἐπὶ
822 2141 968 2206 τοσοῦτον
989 2139 1057 2222 ὅση
1078 2139 1099 2205 11
1106 2166 1248 2222 στερον
1269 2154 1339 2210 ota·

216 2245 333 2326 φαίνη.

301 2351 407 2438 Atque
428 2361 462 2414 ut
474 2351 542 2437 jam
558 2370 597 2416 ea
612 2336 938 2436 comprehendamus,
954 2367 1038 2434 quae
1054 2367 1128 2413 cum
1146 2349 1249 2415 Ullrici
1265 2360 1339 2416 'sen-

217 2452 350 2518 tentiam
367 2452 471 2519 tribus
486 2450 597 2540 primis
614 2451 771 2539 capitibus
787 2450 1029 2528 refellissemus,
1051 2450 1093 2516 ab
1109 2451 1198 2518 initio
1215 2474 1283 2542 cap.
1300 2457 1339 2522 lV

217 2554 461 2642 disputavimus,
484 2578 599 2634 omnes
615 2556 847 2645 interpretandi
864 2553 1079 2632 difficultates,
1102 2577 1186 2644 quae
1208 2570 1284 2625 suut
1306 2560 1338 2626 in

216 2660 255 2724 lV
267 2667 317 2736 48,
329 2669 358 2735 5,
370 2681 455 2748 quae
470 2683 578 2749 neque
594 2662 697 2728 Ullrici
714 2683 823 2750 neque
840 2661 982 2729 Classeni
999 2681 1106 2748 neque
1122 2660 1217 2728 ullius
1233 2662 1340 2730 adhue

216 2764 400 2852 interpretis
426 2785 528 2852 opera
549 2777 694 2833 remotae
717 2777 810 2842 sunt,
838 2765 986 2832 facillime
1008 2766 1182 2844 tolluntur,
1210 2767 1236 2833 si
1259 2769 1337 2855 quid

216 2868 341 2936 intersit
355 2870 439 2936 inter
453 2866 469 2933 ὅ
483 2871 609 2949 πόλεμος
623 2868 672 2935 ὅδε
688 2882 720 2937 et
735 2869 785 2935 ὅόε
798 2867 814 2931 ί
828 2871 956 2948 πόλεμος
974 2869 1177 2936 intellexeris.
1208 2872 1253 2935 Ex
1276 2871 1339 2938 hoc

217 2994 296 3039 vero
314 2974 496 3040 discrimine
512 2975 607 3042 etiam
623 2976 655 3041 id
672 2973 899 3065 cognoscimus
916 2973 1108 3059 scriptorem
1120 2974 1167 3040 eis
1179 2975 1267 3051 locis,
1284 2975 1338 3042 ubi

216 3077 257 3142 ad
280 3077 312 3143 id
336 3077 427 3165 quod
450 3089 566 3154 narrat,
587 3079 849 3166 restringendum
873 3075 963 3143 addit
984 3073 1041 3140 ὅσα
1061 3101 1094 3156 νο
1116 3077 1204 3160 ἕντῷ
1218 3086 1339 3164 πολέμῳ

216 3183 293 3265 rpite
323 3184 390 3248 sive
419 3183 521 3249 simile
551 3183 645 3270 quid,
676 3185 834 3250 rationem
865 3179 987 3248 habere
1018 3201 1125 3246 rerum
1156 3184 1338 3269 posteriore
1421 3201 1424 3209 ’

216 3286 303 3352 bello
334 3297 506 3376 gestarum.
559 3289 639 3354 Cum
669 3293 776 3356 aute'm
807 3287 870 3352 tale
893 3285 971 3374 quid
995 3283 1047 3349 lib.
1071 3287 1186 3362 11198,
1209 3296 1228 3354 4
1251 3289 1340 3356 inve-

217 3393 336 3470 niatur,
368 3392 549 3480 putandum
573 3404 623 3459 est
645 3393 731 3459 huuc
752 3393 860 3459 locum
886 3410 1036 3479 quaeque
1060 3411 1134 3456 eum
1157 3407 1340 3481 sequuntur

217 3508 249 3561 et
277 3497 376 3583 paulo
407 3498 619 3575 antecedunt,
650 3507 726 3584 post
747 3495 824 3562 belli
846 3494 947 3560 finem
970 3493 1089 3582 scripta
1112 3516 1195 3562 esse.
1241 3498 1338 3576 Quod

215 3620 293 3664 vero
317 3607 349 3665 ln
372 3599 418 3666 eis
442 3621 526 3688 quae
549 3612 624 3667 sunt
647 3602 687 3668 ab
709 3602 799 3678 initio
822 3601 920 3666 totius
944 3599 1053 3685 operis
1073 3621 1179 3688 usque
1196 3602 1339 3668 adhunc

214 3702 337 3779 locum,
369 3703 477 3772 nullus
508 3706 663 3773 terminus
695 3705 829 3793 reperiri
859 3714 985 3792 potest,
1017 3704 1058 3770 ed
1094 3725 1192 3792 quom
1223 3717 1337 3791 putare

214 3808 379 3893 possimus
394 3808 586 3896 scriptorem
603 3831 686 3898 opus
704 3811 842 3898 primum
858 3819 1012 3896 coeptum
1030 3809 1215 3886 deduxisse,
1232 3810 1338 3896 prius-

215 3934 313 4000 quam
335 3913 579 3990 intermitteret,
604 3935 645 3980 ne
668 3914 880 3981 intermisisse
904 3914 1036 4001 quidem
1059 3935 1134 3979 eum
1157 3915 1338 3999 putandum

214 4027 272 4082 est.
317 4017 372 4082 Sin
395 4029 504 4084 autem
528 4039 594 4084 non
616 4019 797 4095 intermisit,
820 4029 897 4105 post
920 4017 1021 4084 finem
1042 4017 1140 4084 totius
1163 4014 1238 4083 belli
1262 4039 1337 4084 eum

214 4143 298 4211 opus
322 4143 417 4186 suum
442 4122 585 4190 scribere
608 4124 758 4212 coepisse
782 4145 918 4192 necesse
942 4134 1000 4188 est.
