3262 4752
683 280 893 341 ..23-

229 457 346 525 lectum
375 466 479 532 esset,
509 456 569 523 sed
598 455 845 524 concedendum
875 468 925 524 est
946 479 1004 526 eos
1027 459 1122 526 etiam
1145 474 1221 550 post
1244 464 1341 532 totius

229 563 303 630 belli
315 562 413 629 finem
424 562 562 649 scriptos
574 581 648 628 esse
660 581 768 647 posse.
796 565 873 628 Tum
886 564 1020 630 alterum
1033 567 1238 653 prooemium
1250 572 1339 659 quod

228 669 360 735 Ullricus
385 678 484 744 vocat,
508 665 582 731 nihil
604 666 634 730 in
658 666 813 733 sehabet
836 690 901 756 quo
925 669 995 756 ejus
1017 671 1176 738 sententia
1190 693 1342 762 compro-

228 773 331 840 betur.
365 775 466 838 lmmo
488 771 556 838 veri
580 770 732 838 dissimile
756 793 822 838 non
844 784 895 840 est
916 775 1073 861 scriptori,
1091 775 1158 862 jam
1180 795 1254 842 cum
1269 778 1340 846 libri

226 879 318 966 primi
336 877 540 965 prooemium
555 873 719 954 scriberet,
734 877 765 942 in
781 877 887 945 animo
905 879 1012 957 luisse,
1030 890 1066 945 ut
1081 880 1134 945 illo
1149 879 1221 947 loco
1238 904 1339 969 pauca

225 984 261 1051 iis
291 984 441 1057 adderet,
471 1002 554 1072 quae
585 981 617 1047 in
646 980 735 1049 initio
766 983 875 1070 operis
904 983 945 1050 de
974 1006 1011 1051 se
1033 994 1130 1074 atque
1153 1007 1254 1075 opere
1276 1009 1336 1055 suo

226 1088 366 1155 dixisset.
419 1087 516 1166 Quod
549 1086 576 1152 si
608 1097 731 1152 certum
765 1097 831 1164 est,
863 1108 938 1153 eum
970 1087 1001 1152 id
1032 1090 1239 1175 prooemium
1269 1113 1335 1181 quo

225 1203 328 1258 totum
352 1214 435 1280 opus
460 1192 617 1281 incipitur,
640 1201 714 1256 ante
737 1190 812 1257 belli
833 1189 931 1258 finem
952 1192 1093 1260 scribere
1109 1214 1174 1260 uon
1191 1195 1336 1283 potuisse

223 1307 366 1385 apparet.

307 1404 344 1469 Et
366 1401 519 1490 quoniam
535 1401 639 1468 Ullrici
660 1401 853 1468 sententiam
876 1402 1033 1469 refellisse
1056 1403 1210 1481 videmur,
1234 1405 1275 1471 de
1297 1405 1334 1472 iis

223 1528 307 1597 quae
329 1506 422 1572 allata
444 1517 519 1572 suut
541 1505 581 1572 ab
604 1506 650 1572 eis
674 1505 729 1594 qui
751 1526 825 1572 eum
849 1507 951 1574 secuti
980 1518 1071 1586 sunt,
1102 1529 1167 1574 non
1199 1508 1333 1576 multum

223 1612 396 1679 dicendum
418 1621 477 1678 cst.
510 1612 590 1676 Nam
612 1610 687 1676 nihil
708 1611 821 1676 hanrm
841 1633 948 1677 rerum
964 1623 1022 1690 est,
1045 1633 1112 1700 quo
1129 1614 1201 1702 quis
1216 1616 1333 1684 adduci

221 1717 335 1805 possit,
357 1727 391 1782 ut
407 1716 510 1782 Ullrici
532 1716 724 1782 sententiam
747 1715 892 1782 retineat.
926 1717 1020 1796 Quod
1044 1728 1151 1784 autem
1168 1720 1333 1788 Cwiklins-

219 1822 292 1888 kius
315 1821 438 1909 putavit
459 1821 663 1910 prooemium
686 1819 756 1886 libri
778 1820 872 1908 primi
894 1821 1114 1910 alhucydide
1136 1833 1212 1909 post
1233 1824 1331 1892 totius

221 1926 295 1993 belli
316 1925 415 1992 linem
438 1925 528 2012 operi
552 1925 640 2012 prius
662 1925 781 2012 scripto
805 1925 967 2012 adjectum
982 1947 1065 2002 esse,
1087 1926 1184 1992 multa
1201 1927 1331 2016 quidem

221 2029 358 2097 difficilia
387 2031 503 2107 haere
527 2029 602 2095 mihi
625 2029 752 2096 videtur
773 2051 814 2096 ex
836 2029 939 2096 Ullrici
962 2030 1122 2097 sententia
1144 2032 1332 2110 removisse,

220 2146 327 2201 tamen
358 2156 423 2201 non
454 2145 518 2201 tam
548 2133 749 2222 probabilem
779 2155 850 2201 eam
881 2135 1036 2211 reddidit,
1071 2146 1105 2200 ut
1136 2155 1208 2201 eam
1237 2135 1331 2224 sequi

220 2239 391 2326 possimus.
426 2240 486 2319 Qui
510 2261 586 2305 vero
609 2250 724 2326 putant
746 2239 966 2328 Thucydidem
990 2260 1074 2326 opus
1093 2249 1245 2326 coeptum
1263 2260 1329 2305 uon

219 2345 307 2433 prius
329 2345 555 2432 interrupisse,
578 2365 674 2433 quam
697 2345 738 2410 ad
761 2342 859 2410 linem
883 2343 958 2410 belli
980 2343 1096 2432 prioris
1119 2343 1329 2431 pervenisset,

221 2449 322 2516 Ullrici
351 2449 544 2518 sententiam
577 2471 641 2516 non
663 2447 839 2515 faciliorem
861 2449 920 2516 sed
944 2447 1154 2516 difficiliorem
1177 2449 1217 2514 ad
1240 2469 1328 2514 com-

219 2553 420 2641 probandum
451 2554 526 2620 mihi
557 2555 705 2621 videntur
731 2553 921 2622 reddidisse.
971 2554 1051 2618 Nam
1080 2563 1168 2621 recte
1190 2552 1329 2620 arbitror

219 2658 367 2725 Ullricum
392 2659 555 2746 judicasse
585 2659 676 2726 locos
705 2658 777 2725 illos
805 2657 876 2724 libri
907 2659 1011 2747 quarti
1040 2660 1107 2744 (81,
1130 2667 1166 2742 23
1197 2666 1265 2738 108,
1287 2660 1329 2746 4),

218 2766 273 2855 qui
289 2765 347 2832 nisi
367 2775 513 2831 extremo
530 2763 616 2830 bello
631 2763 741 2851 scripti
756 2784 829 2830 esse
847 2784 911 2829 non
928 2772 1074 2851 possunt,
1096 2764 1138 2830 ita
1154 2763 1328 2833 cohaerere

214 2881 248 2937 et
270 2891 343 2937 cum
365 2870 412 2936 eis
435 2890 518 2958 quae
540 2869 737 2935 antecedunt
758 2870 791 2933 et
813 2888 886 2934 cum
909 2869 955 2935 eis
978 2889 1062 2957 quae
1080 2880 1270 2957 sequuntur,
1294 2880 1327 2934 ut

217 2976 399 3064 posteriore
421 2985 569 3062 tempore
592 2972 737 3041 inculcati
761 2992 922 3040 essenon
944 2972 1079 3059 possint.
1123 2972 1156 3038 Si
1178 2994 1255 3038 vero
1279 2973 1326 3038 in-

214 3081 327 3148 culcati
350 3102 423 3147 esse
446 3101 511 3145 non
535 3089 681 3162 possunt,
703 3088 802 3144 totam
823 3077 908 3143 illam
932 3076 1039 3163 operis
1058 3086 1192 3163 partem,
1214 3077 1246 3142 in
1262 3098 1326 3166 qua

213 3184 427 3261 inveniuntur,
450 3194 596 3250 extremo
619 3184 705 3250 bello
729 3183 781 3249 vel
802 3183 911 3270 potius
934 3192 1007 3269 post
1022 3179 1098 3248 belli
1111 3178 1210 3246 finem
1225 3180 1326 3269 scrip-

213 3300 278 3354 tam
300 3308 374 3355 esse
398 3309 532 3356 necesse
555 3298 613 3356 est.

742 3544 805 3617 lV.

296 3703 399 3770 Ullrici
422 3702 601 3769 sententiae
618 3702 756 3790 primum
772 3725 810 3770 ac
825 3703 963 3770 maxime
979 3703 1110 3771 Classen
1127 3701 1324 3789 repugnavit,

211 3810 267 3899 qui
295 3819 438 3875 veterem
469 3807 554 3873 illam
584 3808 722 3895 primum
752 3830 770 3874 a
796 3810 962 3898 Kruegero
991 3809 1085 3875 certis
1114 3805 1219 3873 causis
1247 3825 1324 3871 con-

210 3912 378 3989 firmatam,
407 3933 470 4001 qua
500 3922 631 3999 putatur
660 3913 863 4004 Thucydides
894 3926 970 4003 post
997 3913 1093 3979 totius
1122 3910 1197 3977 belli
1224 3907 1322 3976 finem

211 4041 294 4108 opus
317 4017 459 4086 scribere
481 4018 641 4106 coepisse,
662 4019 704 4084 ita
726 4019 960 4109 comprobavit,
982 4029 1017 4085 ut
1032 4017 1122 4083 aliter
1137 4014 1208 4080 illos
1223 4013 1324 4092 locos

211 4123 329 4216 quibus
345 4122 478 4190 Ullricus
501 4144 561 4210 pro
584 4124 779 4214 argumentis
802 4124 868 4192 suis
887 4146 965 4192 usus
980 4131 1040 4196 est,
1061 4119 1322 4209 interpretandos
