3262 4752
696 281 908 340 ..7-

246 460 342 548 Krieg
373 458 474 526 schon
505 457 610 524 einem
633 467 730 546 guten
753 457 859 525 Theile
883 460 963 526 nach
984 459 1126 527 bekannt
1134 487 1140 542 ;
1171 462 1256 529 doch
1279 464 1359 554 lolgt

246 565 361 630 daraus
385 562 468 629 noch
491 562 584 640 nicht,
608 562 683 630 dass
705 584 741 629 er
764 565 885 631 damals
908 565 988 632 auch
1011 565 1112 632 schon
1133 569 1358 636 entschlossen

245 690 397 758 gewesen
426 668 586 754 sei,sein
610 667 886 736 Geschichtswerk
915 669 997 736 auch
1027 671 1111 738 noch
1141 673 1357 741 liber-diesen

244 774 484 844 auszudehnen.
528 773 560 839 Si
583 773 661 840 haec
684 773 782 840 verba
804 774 907 842 Ulln'ci
929 787 1016 842 recte
1039 776 1206 865 intellego,
1233 777 1358 843 videtur

245 890 375 967 putare,
406 898 603 969 quamquam
626 879 843 970 Thucydides,
873 901 945 946 cum
975 880 1055 947 haec
1084 880 1182 947 verba
1212 882 1357 957 adderet,

244 982 363 1050 bellum
388 1006 488 1049 unum
510 985 610 1052 luisse
628 983 799 1051 arbitratus
815 986 864 1061 sit,
888 996 994 1052 tamen
1011 986 1040 1052 ei
1055 986 1182 1054 licuisse
1197 987 1356 1054 vocabulo

244 1087 399 1169 ὁοόλεμος
412 1086 460 1154 ὅδε
482 1090 626 1176 priorem
648 1089 718 1176 ejus
740 1101 867 1177 partem
889 1089 1077 1179 significare,
1099 1113 1173 1158 cum
1195 1103 1228 1159 et
1249 1094 1279 1158 in
1302 1093 1357 1169 eie,

245 1214 328 1282 quae
351 1193 559 1270 antecedant,
582 1204 614 1260 et
636 1194 668 1259 in
690 1195 754 1273 eis,
778 1217 861 1284 quae
885 1217 989 1284 usqne
1013 1196 1052 1261 ad
1067 1198 1100 1273 V,
1116 1204 1156 1264 24
1172 1209 1357 1285 sequantur,

243 1299 318 1364 nihil
333 1309 480 1365 narretur
496 1299 554 1366 nisi
571 1299 658 1387 prior
673 1298 748 1366 belli
764 1321 848 1386 pars,
872 1323 970 1389 qnam
988 1302 1056 1388 jam
1072 1311 1147 1368 ante
1161 1305 1214 1367 τὸν
1228 1305 1357 1384 πόλεμον

243 1405 327 1469 adom
357 1403 576 1471 nominaverit.
629 1404 794 1471 Posterius
825 1415 932 1471 autem
960 1405 1083 1473 bellum
1112 1406 1173 1473 hoc
1195 1407 1355 1475 vocabulo

242 1509 472 1597 comprehendi
489 1521 665 1597 propterea
681 1509 843 1576 neminem
858 1510 1033 1599 legentium
1044 1512 1190 1598 potuisse
1203 1513 1356 1592 arbitrari,

244 1616 334 1705 qnod
362 1614 456 1702 hujus
486 1613 561 1679 belli
589 1613 719 1680 historia
750 1635 815 1680 non
845 1615 934 1701 prins
958 1627 1120 1694 narretur,
1149 1639 1247 1706 quam
1269 1621 1294 1686 V
1315 1628 1355 1688 26

244 1742 330 1786 novo
359 1721 530 1807 prooemio
559 1729 749 1807 praeparata
777 1719 825 1786 sit.
874 1724 914 1784 At
941 1718 1015 1786 hoio
1045 1720 1149 1787 Ullrici
1177 1726 1355 1792 sententiae

243 1837 401 1915 repugnat
421 1826 521 1900 locus,
544 1826 598 1914 qui
621 1845 694 1891 eum
719 1825 761 1890 de
784 1846 849 1913 quo
873 1825 977 1913 agitur
995 1826 1092 1912 paulo
1110 1839 1185 1913 post
1199 1830 1354 1916 sequitur.
1387 1887 1389 1894 ,

243 1930 308 1996 lib.
327 1932 412 1996 enim
425 1932 463 1996 lV
475 1935 523 2006 81,
546 1938 564 1996 2
588 1941 663 1996 sunt
685 1929 778 1996 haec:
800 1934 832 1999 ’ές
852 1954 885 1994 τε
899 1931 952 1994 τὸν
968 1930 1067 2014 χρόνῳ
1084 1928 1211 2013 ὕστερον
1226 1939 1304 2014 usco?
1318 1939 1357 2000 col

242 2037 275 2101 ἐκ
295 2043 430 2106 Σικελίας
449 2037 577 2114 πόλεμον
597 2031 616 2114 ἡ
636 2035 704 2100 τότε
725 2041 876 2115 Βρασίδου
897 2031 991 2117 cipeto}
1011 2038 1061 2101 καὶ
1082 2037 1195 2108 ξύνεσις
1217 2089 1249 2103 ..
1272 2093 1278 2104 .
1299 2041 1356 2121 μα’-

242 2154 329 2206 uoco
351 2141 518 2220 ἕποθομὶαν
539 2141 663 2206 ἐνεποίει
684 2151 747 2210 τοῖς
759 2139 924 2219 Ἀθηναίων
943 2140 1109 2220 ξυμμάχοις
1131 2141 1160 2213 ἒς
1179 2146 1249 2215 τούς
1261 2163 1355 2212 Λακε.

241 2253 417 2326 ῦαιμονίοος.
452 2245 698 2333 Diligentissime
722 2245 772 2311 hic
793 2245 921 2311 videtur
942 2244 1079 2330 scriptor
1100 2245 1296 2334 significasse
1319 2273 1354 2317 se

241 2350 362 2417 bellum
385 2351 546 2437 posterius
569 2370 606 2414 ac
628 2349 716 2436 prins
738 2371 799 2437 pro
823 2370 888 2414 nno
911 2347 1040 2414 habere.
1084 2350 1165 2416 Nam
1189 2354 1249 2420 nisi
1269 2355 1353 2422 forte

242 2457 318 2523 illud
346 2459 443 2538 χρόνῳ
471 2463 748 2542 supervacaneum
778 2469 842 2532 est,
871 2453 948 2543 qnid
977 2454 1063 2520 aliud
1085 2455 1144 2521 sibi
1168 2459 1234 2524 vult
1256 2470 1353 2549 atque

242 2561 316 2628 hoc:
339 2559 460 2627 bellum
484 2560 573 2649 quod
590 2572 666 2647 post
683 2560 923 2649 expeditionem
939 2559 1136 2627 Siciliensem
1153 2575 1280 2651 gestum
1296 2579 1354 2644 est,

242 2677 390 2753 tempore
419 2665 549 2754 quidem
572 2666 734 2751 posterius
757 2676 806 2732 est
829 2685 926 2753 quam
953 2665 1041 2752 prins
1064 2667 1123 2732 sed
1149 2689 1212 2734 non
1237 2693 1296 2758 per
1317 2695 1353 2740 se

241 2771 366 2851 πόλεμος
378 2769 503 2850 ὕστερος
516 2770 545 2835 h.
562 2791 588 2834 e.
605 2767 692 2841 huc
706 2771 773 2836 sive
789 2771 925 2850 δεύτερος
946 2781 1004 2847 cst,
1027 2791 1139 2837 verum
1161 2795 1221 2861 pro
1244 2790 1354 2863 poste*

241 2877 325 2943 riorc
356 2887 446 2964 parte
477 2875 625 2963 ejusdem
656 2874 731 2941 belli
759 2875 849 2964 qood
877 2895 963 2941 nnnc
985 2895 1080 2940 narro
1103 2875 1272 2947 habendus
1296 2896 1354 2949 est.

243 2985 321 3049 Cum
343 2981 499 3071 igiturex
521 2980 677 3047 hocloco
701 2990 858 3068 appareat
880 2999 955 3046 enm
974 2980 1041 3066 jam
1064 2980 1097 3046 in
1120 2982 1181 3059 eis,
1204 3006 1287 3072 qnae
1311 2988 1352 3053 de

241 3089 348 3175 priore
370 3087 457 3154 hello
484 3093 521 3154 10
543 3106 703 3152 annorum
726 3087 877 3162 narravit,
900 3085 923 3169 (l
942 3084 1032 3150 1-V
1048 3085 1100 3169 24)
1123 3085 1315 3155 vocabulum
1339 3089 1355 3155 ὁ

240 3195 366 3273 πόλεμος
386 3192 428 3258 ita
450 3211 617 3278 usurpare,
640 3201 675 3256 ut
697 3186 853 3278 significet
875 3200 979 3255 totum
1002 3188 1123 3254 bellum
1140 3197 1178 3259 27
1196 3215 1353 3263 annornm

242 3337 280 3348 —-
298 3298 386 3387 qnod
404 3296 500 3363 etiam
514 3297 545 3361 in
560 3295 606 3362 eis
620 3317 695 3390 cnm
710 3294 825 3362 fecisse
842 3303 940 3382 patet,
958 3314 1042 3382 qnae
1058 3296 1136 3364 1165
1154 3318 1228 3364 eum
1244 3314 1354 3386 poste-

240 3405 324 3470 riore
346 3415 496 3489 tempore
518 3401 681 3469 addidisse
700 3400 830 3468 Ullricns
851 3400 916 3465 vult
937 3437 979 3449 -
1002 3420 1043 3465 ne
1059 3399 1123 3466 hoc
1139 3403 1269 3490 quidem
1291 3407 1351 3472 Ull-

243 3510 307 3575 rioo
323 3508 504 3575 concedere
520 3527 696 3594 possumus
711 3527 786 3572 eum
802 3507 841 3572 lV
855 3511 906 3581 48,
927 3511 957 3586 5,
978 3524 1074 3592 quem
1091 3505 1200 3573 locum
1215 3512 1354 3577 eodem

239 3614 328 3680 lere
351 3624 540 3696 ternpore
556 3611 776 3703 Thucydidem
791 3610 959 3696 scripsisse
975 3609 1046 3696 ipse
1073 3622 1171 3697 putat,
1196 3613 1353 3680 vocabulo

240 3713 256 3784 ὃ
276 3721 402 3799 πόλεμος
422 3716 471 3782 dcc
493 3716 612 3783 bellurn
636 3718 749 3784 decem
772 3737 930 3782 annorum
961 3734 980 3779 a
1009 3714 1135 3802 reliquo
1163 3717 1353 3804 sejunxisse.

240 3824 372 3890 sivero
396 3823 552 3890 hocloco
577 3843 641 3887 non
665 3820 737 3887 licet
759 3820 790 3886 id
814 3829 946 3907 putare,
961 3839 1011 3906 „ne
1035 3817 1102 3886 aliis
1126 3821 1257 3908 quidem
1281 3823 1352 3909 ejus

240 3927 348 4015 operis
363 3928 472 4016 partis,
491 3948 589 4016 qnam
605 3926 738 3993 Ullricns
754 3935 828 3991 ante
844 3922 965 3990 bellum
982 3923 1090 3989 denno
1107 3935 1259 4012 coeptum
1276 3945 1353 3992 con-

240 4033 390 4120 scriptam
404 4053 477 4100 esse
491 4043 590 4119 putat,
605 4032 787 4098 concedere
798 4049 974 4119 possumus
990 4029 1181 4115 scriptorem
1196 4029 1354 4097 vocabulo

239 4135 393 4218 ὅπόλεμος
405 4139 472 4205 sive
484 4135 559 4204 dcao‘
573 4140 698 4217 πόλεμος
708 4135 830 4204 bellum
844 4137 958 4204 decem
974 4153 1134 4199 annorum
1149 4135 1356 4224 significasse.
