3262 4752
764 275 976 340 ..32...

312 456 387 523 belli
403 456 471 521 lere
487 451 704 542 gravissimam
722 471 910 539 comparare
926 473 1000 520 curn
1016 452 1205 520 omnibus
1231 475 1315 542 quae
1337 467 1429 522 toto

310 561 397 628 bello
414 570 504 649 gesta
525 558 598 624 sint.
630 557 746 646 Atqui
769 556 951 646 diligentius
974 559 1065 625 locos
1088 558 1349 637 consideraverit,
1374 559 1430 626 ubi

311 667 450 754 scriptor
478 662 731 752 magnitudinem
758 673 791 728 et
813 663 999 752 gravitatem
1021 684 1131 731 rerum
1152 661 1239 730 bello
1263 674 1429 752 gestarum

311 771 394 838 inter
424 792 459 837 se
487 780 667 855 comparat,
698 767 757 834 sibi
786 768 996 855 persuadebit
1025 789 1157 856 semper
1188 769 1329 836 cumeis
1352 791 1427 836 eum

311 895 510 962 comparare,
532 894 616 963 quae
631 873 827 939 antecedunt
842 894 992 962 quaeque
1007 874 1078 961 ipse
1097 874 1164 960 jam
1188 874 1334 949 narravit,
1361 894 1429 941 nou

313 1000 384 1045 cum
409 980 455 1045 eis
478 999 562 1066 quae
585 989 770 1044 narraturus
793 990 851 1045 est.
904 981 1011 1058 Quare
1034 979 1224 1065 scriptorem
1249 978 1343 1045 etiam
1366 978 1429 1046 hoc

311 1083 385 1150 loco
408 1081 547 1149 arbitror
570 1105 610 1150 ex
633 1104 723 1149 more
745 1103 806 1150 suo
829 1084 944 1151 secisse
968 1085 1058 1173 quod
1074 1083 1315 1171 expeditionem
1330 1083 1430 1149 Sicili-

314 1210 426 1256 ensem
448 1187 587 1276 primum
610 1209 683 1256 cum
705 1187 805 1254 rebus
827 1188 858 1253 in
881 1187 968 1254 bello
991 1210 1096 1277 usque
1119 1211 1160 1255 eo
1179 1189 1286 1278 gestis,
1310 1189 1428 1255 deinde

312 1315 384 1361 cum
410 1292 562 1360 omnibus
584 1314 602 1358 a
618 1292 747 1359 Graecis
770 1293 867 1380 gestis
883 1293 1142 1381 comparavit.1⁰)
1177 1297 1288 1382 ltaque
1304 1304 1428 1359 tantum

312 1397 423 1475 abest,
456 1410 488 1464 ut
518 1397 568 1465 bic
596 1398 688 1464 locus
715 1398 747 1462 in
777 1419 813 1465 se
842 1397 960 1465 habeat
982 1420 1047 1488 quo
1071 1399 1230 1466 sententia
1253 1407 1362 1464 nostra
1385 1399 1427 1464 de

312 1501 543 1592 significatione
563 1501 709 1570 vocabuli
725 1499 879 1584 ὁπόκεμος
892 1502 942 1569 tn
957 1503 1128 1582 refellatur,
1149 1515 1184 1570 ut
1207 1503 1302 1570 etiam
1324 1503 1429 1568 valeat

313 1608 355 1673 ad
378 1629 449 1674 eam
473 1606 735 1675 confirmandam.

396 1716 514 1780 Tamen
544 1735 609 1780 non
638 1715 727 1801 prius
759 1715 863 1780 omnis
894 1712 1049 1780 dubitatio
1078 1714 1138 1779 erit
1160 1724 1299 1790 remota,
1330 1735 1428 1802 quarn

314 1818 643 1886 demonstraverimus
666 1819 885 1908 Thucydidem
909 1817 1173 1910 significationem
1194 1819 1245 1883 dos
1266 1813 1283 1882 ὁ
1302 1820 1429 1898 πόλεμοι

314 1942 480 2009 nunquam
504 1923 617 1989 eadem
641 1924 800 1989 sententia
823 1945 998 2012 usurpasse
1023 1944 1086 2012 qua
1108 1920 1124 1986 ὁ
1143 1921 1344 2005 alienatae,
1366 1924 1426 1990 sed

313 2025 373 2092 bac
394 2025 591 2114 significasse
613 2037 717 2093 totum
740 2026 871 2106 bellum,
893 2029 983 2116 quod
1006 2028 1184 2114 scripturus
1206 2027 1309 2094 fuerit.
1346 2029 1428 2114 Sep-

314 2131 475 2198 tendecim
506 2142 614 2198 autem
643 2132 722 2200 locis
757 2133 820 2200 hoc
848 2133 962 2200 ordine
993 2131 1221 2199 vocabulorum
1258 2156 1337 2201 usus
1366 2144 1426 2209 est,

314 2258 455 2326 quorum
479 2238 612 2327 quidem
633 2239 675 2304 lll
696 2238 727 2304 in
749 2237 832 2305 libro
856 2238 960 2326 primo
982 2238 1197 2316 inveniuntur,
1218 2239 1249 2304 in
1271 2259 1427 2327 quocum

313 2341 433 2408 nullam
460 2341 537 2408 belli
566 2344 667 2430 ipsius
697 2355 822 2430 partem
853 2343 1059 2421 narravisset,
1088 2364 1129 2408 ne
1158 2341 1265 2409 verbis
1294 2343 1448 2431 quidem.

314 2442 475 2527 ὃπόλεμος
495 2447 559 2530 doe,
590 2448 707 2537 quibus
731 2458 856 2536 partem
884 2447 958 2513 bclli
985 2445 1185 2536 significavit,
1216 2448 1259 2512 uti
1289 2458 1425 2535 poterat.

314 2551 351 2614 lli
373 2562 481 2617 autem
503 2565 578 2620 sunt
600 2554 663 2620 loci
686 2555 770 2630 124,
793 2564 811 2620 5
833 2553 1074 2632 codiciacensi
1096 2565 1166 2633 rrum

481 2663 532 2734 97,
557 2665 569 2723 1
595 2659 707 2737 μεταξύ
728 2658 815 2724 vodda
835 2658 891 2724 τοῦ
912 2670 979 2723 πολ.
1002 2658 1053 2722 καὶ
1074 2658 1129 2722 τοῦ
1151 2658 1301 2739 Μηδικοῦ,

485 2767 533 2840 18,
555 2768 573 2830 3
596 2759 626 2830 ἒς
645 2759 731 2827 τόνδε
752 2764 803 2827 τὸν
823 2774 911 2836 πολ.,·

485 2871 553 2943 118,
576 2874 594 2932 2
617 2861 699 2947 α’ρχή
719 2867 807 2933 τοῦδε
828 2867 882 2933 τοῦ
902 2880 988 2941 πολ.,·

481 2978 509 3051 8,
534 2981 547 3038 l
573 2972 606 3037 ἕν
626 2973 701 3056 cpida
723 2973 766 3056 τῷ
786 2985 873 3046 πολ.,·

482 3084 532 3155 23,
554 3085 573 3146 3
595 3080 672 3159 petri
692 3078 780 3144 τοῦδε
801 3078 855 3143 τοῦ
876 3089 960 3150 πολ,,·

483 3191 531 3257 13,
554 3190 572 3252 3
596 3184 626 3252 ἐς
647 3185 702 3263 τήν
722 3185 861 3259 τελευτὴν
881 3181 968 3248 τοῦδε
989 3180 1043 3244 τοῦ
1065 3193 1154 3255 πολ.,·

484 3294 532 3366 18,
558 3297 570 3355 l
596 3287 626 3359 ἐς
645 3290 701 3370 τήν
722 3289 860 3367 τελευτήν
880 3286 969 3352 τοῦδε
990 3285 1044 3350 τσῦ
1065 3298 1151 3360 nob,-

316 3451 521 3463 -ι--ι-

387 3537 422 3608 ¹⁰)
449 3537 572 3608 Propter
597 3537 672 3592 bunc
698 3537 870 3606 Thucydidis
903 3537 1087 3606 comparandi
1115 3555 1198 3592 usum
1221 3539 1369 3593 Dobraeue
1395 3540 1425 3591 et

312 3627 474 3696 Kruegerus
490 3625 559 3680 mihi
573 3624 706 3679 videntur
719 3625 797 3678 haud
814 3629 892 3680 recte
907 3624 1017 3694 fecisse,
1037 3625 1113 3694 quod
1126 3627 1180 3680 Vll
1196 3631 1238 3696 85,
1254 3632 1271 3681 4
1286 3627 1316 3679 in
1330 3624 1424 3679 verbis

311 3716 438 3776 πλεῖστος
456 3711 510 3785 γὰρ
529 3710 562 3777 δὴ
583 3706 667 3782 φόνος
687 3697 766 3776 οὗτος
785 3710 832 3765 καὶ
850 3707 964 3774 οὐδενὸς
981 3707 1104 3764 ἐλάσσων
1119 3709 1169 3764 τῶν
1190 3713 1219 3766 ἐν
1238 3710 1273 3784 τῷ
1289 3707 1426 3781 Σικελικῷ

311 3801 420 3873 πολέμῳ
439 3797 523 3870 τούτῳ
543 3797 650 3871 ἐγένετο
663 3800 834 3870 adjectivum
849 3796 982 3868 Σικελικῷ
1002 3798 1153 3853 delendum
1168 3817 1229 3854 esse
1246 3803 1424 3855 censuerunt.

312 3891 385 3945 Nam
410 3889 465 3944 boc
491 3887 561 3942 mibi
585 3888 698 3943 videtur
718 3888 841 3956 scriptor
859 3904 893 3942 eo
910 3885 1091 3956 potissimum
1111 3886 1146 3942 de
1166 3905 1251 3942 causa
1271 3887 1425 3956 addidisse,

311 3980 344 4030 ut
362 3980 474 4046 tempus
495 3977 572 4045 quod
591 3976 698 4029 bellum
717 3975 861 4030 Siciliense
882 3978 1010 4028 secutum
1030 3976 1088 4042 est,
1110 3976 1358 4044 ocomparelione
1378 3993 1424 4030 ex-

312 4063 449 4118 cluderet.
487 4063 542 4118 Sed
566 4062 689 4117 fortasse
708 4061 764 4116 alio
783 4063 848 4118 loco
869 4060 1033 4130 diligentius
1054 4063 1296 4132 comparationes,
1322 4064 1423 4133 quibus

311 4150 490 4219 Thucydides
510 4169 578 4205 usus
599 4155 650 4220 est,
668 4151 868 4206 tractabimus.
