3262 4752
688 301 898 368 4437-

236 495 286 550 est
314 484 457 550 loturum
486 502 577 557 esse,
607 492 642 546 ut
671 479 731 545 hae
760 480 842 546 duae
872 501 924 545 res
955 502 1020 545 uno
1044 480 1174 568 quidem
1199 492 1347 569 tempore

236 589 430 664 acciderent,
451 586 510 653 sed
533 585 574 651 ita
598 596 631 651 ut
653 585 751 651 altera
773 605 840 650 non
863 585 962 651 altera
984 583 1175 651 efficeretur.
1223 587 1346 678 Etenim

236 714 294 760 eae
318 713 379 770 res,
402 712 485 782 quae
507 691 608 757 altera
628 690 760 756 alteram
784 691 989 778 progignunt,
1011 712 1052 756 ne
1075 690 1105 755 in
1129 691 1261 757 oraculo
1277 692 1347 780 qni-

236 798 310 866 dem
335 798 396 864 dici
418 809 557 884 possunt
579 795 644 877 ἅμα
665 816 738 862 esse
761 796 820 862 sed
845 796 1019 862 dicendum
1040 807 1091 862 est
1113 797 1147 861 δι’
1169 793 1259 863 αὐτόν
1279 797 1347 863 sive

236 901 286 968 ἄπ’
309 900 411 970 αὐτοῦ.
462 903 567 989 Atque
588 901 670 968 hanc
693 901 755 966 vim
778 921 861 990 quae
884 911 934 967 est
955 902 987 966 in
1009 900 1252 989 praepositione
1273 900 1347 984 ἅμα,

236 1005 438 1097 Thucydides
461 1005 536 1070 mihi
560 1006 684 1072 videtur
705 1007 907 1094 expressisse
929 1005 1031 1074 verbo
1053 1006 1164 1088 ξυμβῇ,
1192 1007 1281 1095 quod
1305 1008 1347 1074 de

236 1112 281 1178 eis
304 1110 401 1178 rebus
425 1131 508 1200 quae
530 1131 608 1177 casu
630 1111 748 1177 eodem
771 1124 919 1200 tempore
945 1132 1010 1200 quo
1033 1110 1112 1177 aliae
1134 1112 1298 1194 accidunt,
1327 1134 1347 1179 a

235 1217 419 1306 Thucydide
435 1228 617 1302 usurpatur,
634 1227 667 1280 ut
682 1227 769 1283 recte
785 1217 861 1282 mihi
876 1217 1002 1283 videtur
1019 1213 1185 1282 Herbstius
1204 1216 1347 1284 animad-

235 1322 377 1388 vertisse.
428 1323 540 1409 ltaque
569 1321 706 1388 arbitror
735 1323 897 1388 nemiuem
927 1320 1056 1386 Athenis
1084 1331 1230 1388 extremo
1259 1321 1346 1388 hello

234 1427 342 1503 fuisse,
366 1426 429 1514 qui,
451 1447 524 1493 cum
546 1425 625 1493 urbs
649 1426 841 1493 obsessione
864 1425 1020 1516 Lysandri
1043 1426 1193 1514 fameque
1216 1447 1255 1492 ea
1277 1436 1346 1492 orta

233 1541 452 1618 premeretur,
484 1540 611 1617 putaret
640 1531 672 1596 in
701 1531 782 1599 banc
810 1535 928 1600 cadere
958 1531 1122 1598 oraculum
1152 1531 1240 1596 initio
1270 1530 1347 1597 belli

233 1634 442 1722 praedictum.
480 1635 586 1713 Quare
610 1635 683 1700 nihil
699 1636 876 1727 Thucydidi
898 1648 974 1724 post
995 1635 1093 1703 finem
1116 1635 1191 1702 belli
1214 1635 1346 1714 obstitit,

234 1740 407 1829 quominus
423 1738 597 1816 scriberet„
619 1741 645 1806 si
670 1762 789 1806 novum
811 1741 932 1808 bellum
948 1741 1260 1829 Peloponnesiacum
1283 1742 1346 1808 lac-

233 1858 301 1912 tum
333 1856 419 1912 esset
452 1865 594 1934 casuque
628 1846 729 1912 fames
759 1847 964 1924 accessisset,
998 1867 1112 1913 omncs
1135 1845 1345 1914 arbitraturos

233 1973 306 2018 esse
328 1953 412 2031 λιμόν
433 1950 563 2016 oraculo
586 1972 660 2017 esse
680 1962 876 2039 portentum.
928 1954 1017 2032 Quae
1047 1964 1156 2018 autem
1179 1953 1220 2018 de
1243 1954 1344 2020 altero

234 2057 365 2122 oraculo
389 2055 635 2142 Peloponnesiis
667 2056 741 2122 dato
771 2056 811 2123 ab
835 2058 951 2124 Ullrico
974 2058 1015 2124 ad
1037 2057 1232 2124 sententiam
1253 2079 1344 2124 suam

233 2158 486 2226 confirmandam
517 2160 678 2247 disputata
706 2174 797 2240 suut,
828 2185 893 2228 uon
925 2163 1050 2229 videtur
1077 2182 1212 2228 necesse
1235 2163 1346 2240 refelli,

232 2284 306 2331 cum
333 2285 441 2352 neque
470 2265 604 2331 Leskius
635 2287 751 2354 neque,
773 2268 950 2335 Schoenius
980 2288 1086 2355 neque
1113 2267 1191 2332 Otto
1221 2268 1346 2344 Struve,

233 2369 289 2458 qui
311 2369 457 2456 proxime
480 2371 550 2457 ejus
573 2372 766 2438 seutentiam
789 2372 944 2448 defendit,
967 2375 1059 2459 cujus
1082 2371 1263 2438 dissertatio
1283 2372 1345 2440 hoc

234 2475 340 2561 ipsum
363 2473 514 2540 scribenti
537 2475 612 2540 mihi
634 2476 665 2540 in
689 2497 804 2543 manus
826 2476 950 2553 incidit,
980 2475 1052 2542 huic
1077 2479 1343 2565 argumentationi

233 2579 405 2668 quicquam
427 2579 634 2648 tribuendum
657 2603 735 2648 esse
754 2582 883 2670 putavit.

195 2681 199 2687 ’
317 2685 432 2773 Neque
456 2686 549 2772 plura
573 2687 723 2753 videntur
744 2687 939 2774 disputanda
954 2707 1028 2754 esse
1048 2686 1089 2753 de
1105 2688 1131 2752 ll
1147 2693 1176 2765 8,
1200 2695 1233 2754 t:
1256 2685 1346 2770 dext

231 2812 314 2866 μενοι
334 2791 392 2870 ydp
413 2791 523 2862 πάντες
542 2790 679 2872 ὀξύτερον
699 2791 981 2876 α’ντιλαμβᾶνονται.
1030 2793 1102 2871 Quo
1131 2794 1205 2860 loco
1233 2794 1258 2860 sl
1282 2795 1345 2860 Ull-

169 2981 173 2984 .
232 2893 321 2979 ricus
346 2915 457 2961 secum
485 2896 699 2984 reputavisset
726 2919 791 2963 non
813 2897 999 2985 superlativi
1022 2917 1120 2985 quem
1143 2908 1259 2964 vocant
1279 2898 1345 2964 lor-

232 3019 317 3064 mam
339 2999 530 3088 scriptorem
552 3023 729 3088 usurpasse
751 3002 810 3068 sed
833 3002 1057 3090 comparativi,
1081 3022 1121 3066 ex
1144 3002 1214 3089 ejus
1236 3002 1344 3070 verhis

232 3125 296 3170 non
327 3105 550 3181 conclusisset,
583 3105 673 3194 quod
701 3108 865 3174 conclusit.
920 3108 953 3173 Si
984 3107 1055 3196 quis
1087 3106 1174 3172 euim
1206 3107 1345 3194 scriptor

232 3207 306 3274 dicit
327 3209 474 3276 homines
499 3211 659 3298 quosdam
681 3231 750 3277 rem
773 3232 868 3300 quam
892 3212 1109 3299 susceperint,
1130 3211 1219 3278 initio
1241 3212 1344 3279 inten-

231 3312 296 3380 tius
318 3314 434 3402 egisse,
454 3326 490 3380 ut
512 3316 705 3404 plerumque
727 3314 796 3382 fieri
818 3316 931 3395 soleat,
954 3339 1032 3382 num
1053 3317 1102 3383 his
1125 3316 1232 3383 verbis
1249 3330 1344 3406 negat

231 3418 384 3490 eosdem,
411 3439 484 3485 cum
506 3432 582 3507 post
604 3421 635 3486 iu
658 3441 710 3487 res
733 3423 896 3510 graviores
919 3422 1121 3498 incidissent,
1150 3423 1273 3489 etiam
1296 3425 1344 3488 in·
1446 3421 1456 3436 ⁰

231 3523 350 3589 tentius
379 3544 494 3611 gerere
524 3525 694 3612 potuisse?
737 3529 848 3615 ltaque
878 3528 1015 3593 arbitror
1043 3527 1264 3620 Thucydidem
1291 3528 1343 3593 illa

230 3627 329 3694 verba
358 3628 499 3696 scribere
530 3629 694 3717 potuisse,
724 3631 847 3698 etiamsi
869 3633 1109 3699 contentionem
1132 3634 1165 3699 in
1187 3632 1343 3700 memoria

229 3731 379 3810 haberet,
410 3757 474 3823 qua
496 3736 709 3803 Athenienses
738 3748 813 3824 post
842 3738 967 3805 cladem
995 3737 1193 3805 Siciliensem
1223 3736 1341 3806 bellum

230 3849 408 3924 gesserunt.

313 3945 418 4031 Atque
449 3954 484 4008 ut
507 3945 650 4010 omittam
673 3967 734 4013 eos
756 3947 827 4013 libri
849 3951 874 4013 ll
896 3948 987 4014 locos
1010 3968 1094 4036 quos
1117 3944 1249 4012 Ullricus
1274 3947 1344 4034 qui-

230 4045 304 4110 dem
327 4049 490 4128 tractavit,
514 4051 572 4116 sad
597 4073 709 4118 omnes
732 4053 800 4118 sere
824 4053 979 4119 Ullriciani
1004 4051 1075 4118 nihil
1101 4051 1206 4118 valere
1228 4062 1343 4137 putant

229 4151 270 4218 ad
287 4151 356 4238 ejus
372 4156 563 4220 sententiam
580 4156 867 4245 comprobandam,
890 4157 1068 4224 Schoenius
1084 4157 1115 4223 in
1132 4152 1237 4223 verbis
1259 4178 1342 4247 quae
