3262 4752
718 257 929 316 ...44-

268 449 344 506 sunt
366 440 404 504 lll
427 443 476 512 et,
499 443 528 512 3,
550 435 770 523 gravissimum
793 445 1019 522 argumentum
1041 435 1147 501 inesse
1170 437 1301 523 putavit.
1334 437 1383 504 lbi

268 555 342 610 suut
363 543 459 609 haec:
482 540 559 607 diors
573 539 735 620 Ἀθηναίων
756 566 788 620 ys
809 542 852 620 μή
873 532 948 603 εἶναι
969 537 986 602 ὅ
1007 564 1037 604 τι
1057 540 1169 619 μᾶλλον
1183 541 1314 608 ἐκάκωσε
1328 545 1383 623 τήν

268 649 400 728 δύναμιν.
453 646 585 713 Ullricus
616 645 711 733 igitur
733 645 854 734 quique
876 642 917 709 ab
940 645 1010 731 ejus
1032 643 1179 731 partibus
1202 658 1278 713 sunt
1298 647 1383 714 arbi·

267 764 400 830 trautur,
422 752 448 819 si
471 751 610 839 scriptor
632 750 716 816 hunc
738 749 845 816 locum
868 747 1013 815 scribens
1036 770 1168 837 magnas
1188 751 1256 819 illas
1272 753 1381 822 clades

268 857 412 947 cognitas
435 856 608 930 habuisset,
631 876 714 945 quae
730 853 977 920 Atheniensibus
996 855 1203 940 expeditione
1219 857 1383 938 Siciliensi,

268 975 301 1031 et
317 963 433 1029 damna
450 982 533 1050 quae
548 973 695 1027 extremo
710 959 797 1027 bello
814 957 983 1026 discordiis
997 958 1155 1026 intestinis
1167 960 1250 1027 illata
1262 974 1383 1042 essent,

267 1090 343 1135 eum
372 1067 451 1133 haec
480 1065 521 1132 de
549 1064 731 1152 pestilentia
761 1064 954 1152 scripturum
985 1083 1050 1128 uon
1073 1062 1183 1130 fuisse.
1227 1069 1271 1132 Ae
1293 1079 1382 1135 recte

269 1173 401 1263 quidem
423 1170 669 1239 eoncedendum
692 1179 741 1235 est
763 1190 838 1234 eum
858 1168 1037 1255 judicasse,
1063 1168 1122 1235 nisi
1146 1170 1276 1258 quidam
1299 1171 1382 1242 fines

269 1277 474 1344 inveniuntur
495 1296 607 1342 earum
629 1295 753 1350 rerum,
783 1270 975 1360 quibuscum
998 1271 1202 1363 Thucydides
1224 1273 1382 1344 hocloco

268 1381 471 1470 pestilentiae
495 1382 612 1447 damna
635 1377 876 1466 comparaverit.
914 1376 1045 1444 Classen
1069 1377 1163 1465 igitur
1177 1381 1300 1466 putavit
1316 1404 1383 1450 non

268 1485 344 1553 belli
375 1506 432 1552 seu
462 1486 619 1574 quasdam
648 1505 708 1550 seu
738 1504 852 1549 omnes
883 1482 991 1548 clades
1013 1481 1076 1548 hoc
1098 1481 1170 1548 loco
1193 1489 1383 1574 comparari,

268 1592 326 1660 sed
356 1612 394 1658 ea
422 1590 505 1657 mala
533 1611 616 1679 quae
638 1586 885 1654 Atheniensibus
908 1597 1037 1673 praeter
1058 1585 1180 1653 bellum
1201 1589 1382 1658 acciderint.

267 1699 356 1763 Hanc
379 1695 520 1764 Classeni
547 1696 738 1762 sententiam
769 1691 933 1779 scriptoris
960 1691 1060 1778 ipsius
1083 1690 1190 1760 verbis
1214 1716 1280 1762 non
1302 1717 1377 1763 con-

268 1801 386 1868 firmari
409 1801 480 1888 quis
503 1813 553 1867 est
576 1800 653 1889 quin
676 1798 846 1885 intellegat.
882 1799 993 1884 ltaque
1016 1796 1134 1863 rectius
1158 1797 1232 1863 mihi
1255 1799 1383 1867 videtur

269 1906 346 1972 Otto
370 1906 484 1971 Struve
507 1904 591 1970 hunc
613 1902 719 1969 locum
742 1901 948 1979 intellexisse,
972 1900 1025 1988 qui
1049 1911 1140 1988 putat
1162 1901 1382 1994 Thucydidem

268 2032 305 2078 ea
329 2011 411 2076 mala
433 2029 621 2095 comparare
644 2029 717 2074 cum
740 2007 922 2073 calamitate·
940 2004 1151 2093 pestilentiae,
1174 2014 1257 2096 quae
1275 2030 1381 2098 usque

268 2137 308 2183 eo
331 2115 360 2181 h.
384 2137 411 2182 e.
435 2135 539 2203 usque
567 2114 608 2179 ad
636 2133 754 2179 annum
776 2113 800 2179 V
822 2111 896 2178 belli
919 2110 1167 2178 Atheniensibus
1197 2113 1380 2182 acciderint.

267 2224 378 2311 ltaque
407 2221 470 2287 hoc
498 2220 572 2286 loco
601 2219 717 2285 eadem
747 2217 896 2283 narrandi
926 2215 1005 2282 ratio
1036 2217 1197 2282 invenitur
1226 2232 1382 2306 quaeest

267 2328 384 2401 11186,
406 2332 425 2392 2
449 2327 724 2411 (ξυνεπολέμησαν),
754 2322 809 2390 ubi
839 2331 970 2410 praeter
1000 2321 1235 2389 Cwiklinshium
1264 2346 1380 2392 omnes

268 2431 323 2519 qui
344 2430 384 2496 ab
409 2430 512 2496 Ullrici
535 2427 678 2516 partibus
701 2438 791 2505 sunt,
821 2426 1029 2492 consentiunt
1059 2425 1136 2492 illud
1167 2423 1204 2494 od
1229 2431 1381 2498 ξυνεπολὲ-

266 2559 366 2615 μησαν
388 2534 429 2599 de
452 2553 492 2599 eo
515 2544 664 2618 tempore
688 2532 807 2598 dictum
827 2552 908 2607 esse,
932 2531 1022 2618 quod
1038 2552 1143 2618 usque
1160 2553 1200 2598 eo
1217 2545 1377 2600 narratum

268 2649 325 2705 est.
359 2639 529 2704 Praeterea
544 2637 603 2702 hac
619 2634 884 2722 interpretatione
900 2634 933 2700 id
950 2634 1076 2700 videtur
1091 2635 1273 2703 confirmari
1289 2639 1379 2727 quod

267 2763 364 2830 supra
387 2742 428 2808 de
451 2738 643 2830 Thucydidis
666 2739 960 2828 comparationibus
983 2741 1136 2819 diximus,
1165 2743 1314 2830 quicum
1338 2745 1380 2811 de

266 2847 419 2936 gravitate
441 2845 574 2933 alicujus
596 2845 643 2911 rei
665 2855 745 2934 agat,
767 2867 899 2933 semper
920 2864 958 2910 ea
981 2865 1064 2932 quae
1087 2845 1176 2931 prius
1199 2859 1289 2936 gesta
1307 2849 1380 2928 sint,

266 2952 307 3018 ad
330 2950 584 3039 comparandum
606 2949 726 3018 afferat.
760 2948 960 3038 Longissime
980 2959 1087 3015 autem
1103 2948 1123 3013 ii
1141 2951 1215 3017 mihi
1230 2953 1380 3022 videntur

266 3078 283 3122 3
306 3077 384 3124 vero
407 3055 585 3133 aberrasse,
608 3056 661 3144 qui
687 3065 879 3143 putaverunt
895 3052 1116 3145 Thucydidem
1135 3054 1198 3122 hoc
1220 3057 1293 3124 loco
1310 3058 1380 3124 uni-

266 3182 376 3228 versas
399 3161 508 3228 clades
531 3160 617 3228 bello
635 3170 793 3247 acceptas,
816 3181 874 3226 seu
890 3160 999 3226 XXVll
1014 3180 1072 3226 seu
1089 3159 1203 3227 decem
1219 3182 1379 3229 annorum

265 3264 385 3332 bellum
415 3265 575 3334 hocloco
607 3266 784 3352 scripturus
812 3265 924 3344 luerit,
951 3283 1140 3350 comparare
1162 3286 1235 3332 cum
1259 3267 1377 3334 damno

168 3377 179 3392 “
266 3370 448 3457 pestilentia
469 3370 573 3436 allato.
623 3372 704 3436 Nam
726 3370 782 3437 has
805 3371 830 3437 si
854 3390 1041 3456 comparare
1064 3369 1237 3448 voluisset,
1268 3393 1378 3440 nonne

265 3475 462 3563 scripsisset:
486 3473 563 3541 diors
584 3481 676 3556 μηόὲν
697 3476 840 3542 κακῶσαι.
874 3475 930 3541 lllo
953 3485 1061 3541 autem
1084 3472 1160 3540 ὥστε
1174 3478 1215 3557 μή
1232 3469 1380 3544 εἶναιὸτι

265 3579 341 3647 mihi
364 3581 492 3652 videtur
513 3579 708 3669 significasse
731 3579 897 3668 singula
913 3580 1029 3646 damna
1044 3579 1119 3646 belli
1135 3601 1171 3647 se
1187 3601 1376 3668 comparare

265 3707 337 3753 cum
361 3685 479 3752 damno
502 3686 711 3772 pestilentiae.
757 3685 852 3764 Quod
875 3705 948 3751 cum
971 3695 1095 3751 certum
1117 3684 1165 3763 sit,
1188 3707 1230 3752 ne
1253 3686 1285 3755 id
1308 3687 1378 3776 qui-

266 3789 341 3856 dem
363 3789 517 3856 damnum
539 3791 629 3879 quod
645 3789 851 3877 expeditione
868 3789 1022 3856 Siciliensi
1038 3800 1207 3876 acceptum
1223 3803 1282 3869 est,
1304 3813 1377 3860 cum

264 3893 315 3959 illa
338 3915 412 3961 eum
435 3915 642 3984 comparasse
665 3895 845 3981 putandum
862 3907 919 3962 est.
953 3896 1031 3961 Nam
1047 3895 1141 3983 plura
1155 3906 1244 3962 certe
1261 3894 1377 3962 damna

263 3997 510 4067 Atheniensibus
542 4000 573 4065 in
596 3999 699 4066 Sicilia
725 3999 808 4066 illata
829 4012 921 4077 sunt,
953 4022 1092 4088 quorum
1116 4001 1249 4089 quidem
1272 4000 1377 4090 quod-

266 4124 330 4194 que
359 4124 431 4170 cum
455 4106 573 4173 damno
596 4105 798 4194 pestilentiae
821 4116 1042 4194 comparatum
1064 4104 1126 4172 hoc
1149 4106 1254 4173 minus
1277 4105 1377 4174 videri
