3262 4752
657 280 869 341 ...27-

206 457 350 546 itemque
373 443 563 544 portentae
588 456 657 524 deis
681 445 838 526 missa'-
863 477 936 524 nam
959 457 1000 525 de
1021 468 1091 525 toto
1115 457 1201 527 bello
1217 459 1318 526 Herb-

205 563 286 629 stius
314 561 394 629 haec
422 561 506 629 dicta
529 584 602 630 esse
625 563 692 629 vult
717 601 763 641 -,
789 563 931 630 eundem
953 563 984 628 in
1008 565 1187 632 enarranda
1210 564 1318 652 priore

206 677 298 754 parte
328 667 517 754 posterioris
547 667 622 734 belli
652 669 771 734 nullam
801 668 921 736 habere
949 667 1106 735 rationem
1128 679 1160 736 et
1181 670 1225 736 ita
1245 691 1317 738 eam

205 782 350 848 tractare,
373 773 465 860 quasi
487 795 587 838 unum
608 772 703 839 luerit
724 794 742 839 a
764 773 889 862 reliquo
912 771 998 840 bello
1023 773 1194 842 diversum.
1228 777 1318 856 Quae

205 898 279 944 eum
311 877 354 942 ita
386 876 466 954 sint,
499 877 682 944 Herbstium
706 877 806 967 sequi
836 899 902 944 non
933 899 1067 966 possum
1101 890 1267 967 putantem
1300 903 1319 947 a

205 983 362 1070 scriptore
385 991 489 1048 totum
513 1003 596 1069 opus
619 994 694 1069 post
716 982 814 1050 finem
831 981 908 1050 belli
923 984 1138 1071 compositum
1154 1005 1237 1061 esse,
1259 984 1319 1052 sed

206 1088 238 1153 in
269 1087 384 1175 prioris
407 1087 482 1154 belli
505 1087 687 1154 narratione
710 1087 898 1175 posterioris
921 1110 996 1155 eum
1018 1090 1176 1158 rationem
1199 1089 1320 1156 habere

206 1192 358 1260 noluisse.

742 1463 786 1537 V.

291 1625 408 1688 Tamen
439 1619 486 1686 eis
516 1639 599 1709 quae
622 1619 790 1687 Herbstius
821 1619 863 1685 de
891 1629 959 1685 tota
988 1619 1178 1708 quaestione
1209 1619 1320 1706 dispu-

209 1727 299 1802 tavit,
330 1725 501 1813 plurimum
534 1725 610 1790 milri
642 1725 767 1792 videtur
795 1724 958 1813 profuisse
987 1725 1026 1790 ad
1057 1745 1168 1790 verum
1198 1722 1320 1809 reperi-

207 1830 347 1907 endum,
379 1830 568 1916 praesertim
591 1830 628 1897 iis
651 1849 734 1918 quae
758 1829 799 1894 de
823 1828 1004 1896 discrimine
1027 1830 1117 1918 quod
1139 1828 1179 1895 sit
1200 1823 1321 1895 intero‘

206 1937 331 2016 πόλεμον
352 1932 400 2000 tos
422 1946 454 2000 et
476 1932 525 2000 ὅδε
547 1931 562 1998 ὃ
583 1936 716 2014 πόλεμος,
740 1934 922 2020 disputavit.
973 1935 1053 2001 Nam
1083 1955 1156 2002 esse
1187 1933 1319 2023 aliquod

206 2038 233 2104 is
263 2059 382 2126 negare
412 2061 477 2106 non
509 2050 632 2127 potest,
664 2039 717 2127 qui
747 2039 838 2106 locos
867 2051 1034 2129 comparat
1055 2038 1173 2129 quibus
1195 2039 1321 2128 Thucy·
1395 2095 1398 2100 .

208 2142 300 2210 dides
322 2143 384 2210 hoc
406 2165 587 2231 pronomen
613 2145 784 2232 usurpavit.
822 2146 902 2210 Nam
923 2145 954 2211 in
971 2145 1075 2232 primo
1091 2144 1183 2222 libro,
1203 2144 1237 2209 in
1253 2163 1319 2231 quo

209 2246 329 2315 bellum
357 2248 463 2335 ipsum
493 2269 623 2316 narrare
652 2251 797 2317 nondum
820 2249 944 2336 coepit,
973 2270 1138 2338 nunquam
1159 2248 1319 2315 invenitur

211 2349 227 2418 t
246 2355 370 2434 πόλεμος
390 2353 440 2419 {los
470 2356 529 2422 sed
559 2355 763 2422 undecies
786 2354 835 2419 ὅυε
858 2349 1035 2433 indispar,
1065 2352 1184 2420 deinde
1213 2373 1320 2418 narra-

213 2457 331 2524 tionem
353 2481 476 2537 eorum,
498 2481 583 2548 quae
605 2460 736 2550 singulis
758 2459 851 2526 annis
873 2468 963 2548 gesta
982 2468 1067 2535 sunt,
1089 2458 1115 2524 si
1137 2458 1226 2526 addit
1246 2477 1321 2545 pro-

212 2583 340 2642 nomen,
362 2565 402 2630 ita
425 2565 619 2632 concludere
642 2565 734 2642 solet,
756 2576 791 2630 ut
813 2575 921 2630 utatur
942 2563 1080 2629 formula
1095 2559 1111 2628 ὅ
1124 2564 1249 2642 πόλεμος
1262 2558 1320 2627 doe.

209 2668 323 2756 Neque
353 2671 439 2736 enim
469 2669 619 2737 omuibus
649 2670 729 2736 locis
758 2669 847 2736 addit
870 2689 1052 2757 pronomen
1075 2689 1183 2757 neque
1206 2667 1319 2734 iisdem

209 2771 316 2839 verbis
338 2772 460 2863 ubique
483 2775 652 2846 concludit,
675 2785 710 2841 ut
731 2774 822 2841 facile
845 2794 1023 2862 cognoscas
1046 2772 1266 2862 Thucydidem
1289 2771 1321 2837 in

209 2877 258 2943 his
281 2877 412 2966 quidem
431 2879 530 2948 rebus
545 2880 696 2946 varietate
711 2901 806 2945 usum
823 2899 905 2955 esse,
927 2879 986 2945 sed
1002 2879 1109 2946 locum
1124 2888 1158 2944 et
1172 2876 1319 2944 ordinem

211 3004 277 3070 quo
299 3005 482 3070 pronomen
505 2985 659 3072 posuerit,
682 3003 814 3071 semper
836 3001 992 3049 servasse.

294 3087 378 3166 Quid
400 3097 509 3154 autem
531 3087 655 3155 intersit
677 3088 760 3155 inter
780 3085 830 3152 ‘0⁷⁶2
851 3083 866 3150 d
887 3089 1014 3167 πόλεμος
1035 3097 1068 3153 et
1089 3081 1321 3167 indepositus,

210 3190 252 3256 ita
281 3191 462 3270 videamus,
495 3203 531 3258 ut
559 3215 598 3260 ex
627 3193 699 3260 loco
729 3193 895 3260 ordiamur
924 3214 989 3283 quo
1018 3190 1222 3282 Thucydides
1250 3191 1321 3278 ipse

210 3295 337 3364 videtur
360 3298 611 3374 demonstrasse,
633 3298 710 3388 quid
733 3297 891 3366 vocabulo
912 3295 928 3363 ὁ
949 3299 1075 3378 πόλεμος
1094 3295 1143 3362 ὅδε
1165 3294 1323 3386 significa-

209 3401 298 3467 verit.
350 3402 415 3469 Lib.
447 3404 534 3470 enim
561 3405 601 3469 lll
629 3412 686 3481 54,
714 3411 733 3471 2
762 3414 838 3471 sunt
865 3404 959 3471 haec:
991 3408 1092 3487 φαμὲν
1116 3403 1173 3482 ydp
1195 3405 1268 3482 πρὸς
1288 3403 1324 3468 τὸ

210 3506 354 3588 ἐρώτημα
375 3511 409 3572 τὸ
432 3510 540 3594 βραχύ,
562 3510 640 3576 εἴτι
661 3515 911 3590 Λακεδαιμονίους
933 3510 982 3574 καὶ
1004 3511 1073 3579 τους
1092 3510 1265 3588 ξυμμάχους
1286 3507 1324 3574 ἕν

210 3611 261 3693 τῷ
291 3618 446 3698 πολέμῳ
473 3614 571 3697 τῷδε
593 3613 714 3696 α’γαθδν
734 3616 952 3695 πεποιήκαμεν,
976 3665 982 3677 .
1007 3667 1013 3678 .
1038 3667 1043 3678 .
1073 3611 1126 3680 οὐκ
1151 3611 1324 3680 doemonem

208 3710 284 3795 ὑμᾶς
303 3719 346 3796 μή
368 3717 401 3784 εὖ
422 3720 590 3790 παθόντας.
635 3720 719 3802 Quid
742 3719 899 3787 hocloco
922 3716 982 3784 sibi
1005 3717 1080 3783 velit
1103 3718 1134 3784 ἕν
1148 3719 1191 3802 τῷ
1203 3723 1323 3800 πολέμῳ

208 3821 294 3902 rpite,
310 3841 350 3887 ex
366 3823 530 3910 scriptoris
547 3824 646 3912 ipsius
663 3823 769 3891 verbis
784 3823 1019 3912 cognoscimus,
1036 3843 1120 3911 quae
1136 3833 1212 3889 sunt
1224 3822 1322 3909 paulo

209 3934 284 3990 anie
306 3924 337 3990 in
360 3946 427 4014 cap.
443 3935 494 4004 52,
516 3937 551 3997 4:
572 3927 698 4011 ἠρώτων
719 3929 883 4000 diodoride
906 3981 958 3994 .,.
980 3931 1010 3993 εἴ
1027 3951 1058 3993 τι
1072 3935 1324 4009 Λακεδαιμονίους

209 4030 259 4094 καὶ
287 4033 356 4101 τους
377 4034 550 4112 ξυμμάχους
575 4035 614 4099 ἓν
635 4035 685 4118 τῷ
708 4041 864 4118 πολέμῳ
884 4034 935 4116 τῷ
956 4032 1185 4098 καθεστῶτι
1205 4029 1325 4115 α’γαθὸν

210 4135 397 4216 εἰργασμένοι
419 4137 500 4205 εἰσίν.
552 4143 693 4226 Apparet
722 4138 816 4230 igitur
846 4140 986 4208 eundem
1018 4155 1090 4204 esse
1119 4139 1174 4202 τὸν
1197 4141 1325 4220 πόλεμον
