3262 4752
686 244 897 306 ..47-

216 399 444 504 ‘monstraret
476 397 632 516 quantum
661 423 738 490 illud
764 424 877 492 suisset
906 426 994 514 quod
1024 426 1207 516 scripturus
1237 431 1349 520 esset?
1451 409 1453 416 ᾗ

235 541 281 602 Αη
309 533 503 623 periculum,
531 531 564 596 in
596 529 685 619 quod
712 528 799 596 bello
822 531 953 597 Persico
977 531 1109 601 Graecia
1130 537 1267 604 adducta
1290 550 1350 617 est,

235 631 308 708 oum
327 637 480 728 periculo,
502 636 533 702 in
550 636 640 724 quod
655 633 741 701 bollo
758 634 1035 723 Peloponnesiaco
1052 653 1164 707 vocata
1180 654 1238 720 est,
1261 665 1348 710 com-

235 745 415 834 parandum
438 742 529 809 erat?
566 740 660 820 Quod
682 740 814 828 quidem
836 751 899 806 tam
924 741 1068 831 ineptum
1091 746 1212 824 luisset,
1234 747 1350 814 urnac

236 849 480 939 comparatione
504 845 579 912 nihil
602 843 685 912 effici
707 859 836 933 posset,
863 847 921 912 nisi
944 860 979 914 ut
1001 848 1121 916 bellum
1144 852 1350 939 Peloponne-

235 956 355 1024 siacum
377 954 464 1021 bello
481 952 611 1019 Persico
635 949 739 1017 miuus
753 951 962 1038 judicaretur.
1001 957 1114 1045 ltaque
1140 956 1241 1024 ineis
1265 979 1349 1046 quae

236 1083 254 1126 a
276 1061 433 1148 scriptore
457 1057 608 1124 debello
631 1055 760 1122 Persico
783 1056 946 1136 dicuntur,
974 1058 1049 1124 nihil
1075 1061 1184 1128 inesse
1206 1074 1348 1150 apparot,

236 1187 276 1232 ox
299 1187 365 1254 quo
388 1162 492 1231 cautio
514 1162 565 1227 illa
588 1160 716 1227 dicendi
736 1172 960 1250 cognoscatur.

319 1269 414 1348 Quod
438 1277 546 1333 autem
569 1265 702 1332 Ullricus
726 1266 800 1332 dicit
822 1265 1058 1357 Thucydidem,
1084 1268 1110 1334 si
1133 1269 1220 1338 hune
1241 1272 1348 1339 locum

235 1374 380 1441 scribens
412 1383 515 1439 totum
540 1370 659 1437 bellum
682 1371 902 1459 cognovisset,
932 1373 1003 1459 ejus
1025 1373 1130 1459 spatio
1153 1395 1351 1442 commemo-

236 1478 412 1546 rato·satis
443 1474 731 1564 comprobaturum
766 1475 864 1543 luisse
898 1475 1019 1542 bellum
1052 1479 1141 1565 quod
1173 1482 1350 1568 scripturus

235 1594 338 1660 esset,
362 1583 504 1650 omnium
529 1601 613 1669 quac
637 1590 725 1668 gesta
749 1592 876 1658 essent,
899 1581 1122 1670 gravissimum
1144 1605 1232 1662 osse,
1255 1586 1348 1652 etiam

235 1687 340 1754 minus
370 1685 538 1774 probabile
568 1684 643 1750 mihi
675 1685 800 1751 videtur
829 1708 913 1763 esse,
962 1687 1042 1752 Nam
1066 1698 1099 1752 ut
1122 1709 1218 1754 nemo
1242 1689 1349 1756 dicere

235 1803 360 1879 potest,
390 1813 455 1880 quo
486 1790 632 1879 longiora
662 1790 725 1856 sint
752 1789 851 1868 bella,
879 1813 919 1857 eo
943 1813 1016 1858 esse
1038 1792 1212 1870 atrociora,
1241 1793 1284 1859 ita
1306 1817 1348 1862 ne

235 1896 439 1988 Thucydides
467 1895 600 1985 quidem
621 1895 857 1962 atrocissimum
879 1896 978 1962 luisse
1001 1919 1096 1963 suum
1118 1896 1238 1963 bellum
1262 1919 1349 1964 com-

236 2000 377 2088 probare
399 2010 529 2089 poterat
551 2001 621 2089 ejus
643 2001 747 2089 spatio
770 2013 1036 2068 commemorato.
1087 2003 1151 2069 Cur
1172 1991 1279 2068 autem
1303 2004 1349 2070 eis

236 2126 320 2194 quae
347 2106 410 2174 hoo
437 2106 510 2173 loeo
542 2106 584 2172 de
611 2106 776 2172 atrocitate
804 2106 879 2172 belli
909 2107 1075 2194 exposuit,
1106 2106 1181 2172 nihil
1211 2108 1252 2174 de
1278 2109 1349 2196 ejus

235 2211 340 2297 spatio
372 2211 548 2297 insuper
577 2210 753 2286 addiderit,
790 2231 888 2298 supra
919 2212 1035 2299 (pagin.
1064 2212 1115 2294 22)
1148 2212 1349 2279 demonstra-

235 2314 347 2393 vimus,
378 2315 433 2381 ubi
451 2315 524 2403 jure
548 2325 581 2382 et
603 2313 717 2380 ordine
740 2314 802 2381 hoc
823 2335 841 2380 a
864 2314 1051 2404 Thucydide
1074 2325 1141 2380 tum
1165 2317 1348 2405 expositum

236 2441 308 2488 esse
331 2420 481 2498 diximus,
503 2441 576 2487 cum
599 2418 675 2486 belli
697 2419 837 2507 priorem
861 2430 984 2506 partem
1008 2420 1209 2488 narravisset.

319 2528 409 2606 Quae
437 2536 544 2592 autem
568 2524 702 2591 Ullricus
726 2524 774 2591 ‘de
804 2522 1036 2613 significatione
1062 2523 1296 2593 vocabulorum
1318 2528 1350 2594 ἐν

234 2632 289 2714 ἴσῳ
311 2632 408 2714 χρόνῳ
431 2631 612 2718 disputavit,
633 2640 808 2718 propterea
832 2651 896 2696 non
920 2652 1055 2718 possum
1078 2630 1233 2718 probare,
1257 2633 1347 2720 quod

234 2735 372 2802 arbitror
394 2735 614 2824 Thucydidem
641 2757 749 2824 neque
779 2758 851 2802 cum
881 2733 967 2802 bello
990 2736 1119 2803 Persico
1144 2757 1252 2824 neque
1274 2756 1348 2804 cum

234 2841 370 2929 Trojano
401 2840 463 2906 hoc
491 2838 565 2905 loco
592 2850 721 2926 tempus
744 2839 819 2907 belli
842 2840 1109 2927 Peloponnesiaci
1132 2862 1348 2929 comparasse.

233 2947 314 3012 Nam
342 2944 369 3011 si
399 2954 585 3031 putaremus
616 2944 678 3011 hoc
704 2966 778 3011 eum
801 2944 934 3022 iecisse,
964 2966 1027 3034 qua
1050 2967 1146 3013 causa
1167 2946 1348 3033 putandum

234 3061 321 3120 osset
343 3071 418 3118 eum
441 3050 638 3137 prohibitum
661 3070 734 3116 esso
758 3049 865 3116 dicere
887 3054 920 3114 ἕν
935 3048 1014 3134 ἄλλῳ
1029 3057 1148 3133 πολέμῳ
1163 3051 1230 3118 sive
1246 3050 1347 3117 simile

234 3157 320 3246 quid.
354 3158 465 3244 ltaque
482 3154 621 3220 arbitror
636 3176 675 3221 en
692 3173 742 3236 eo,
766 3154 855 3243 quod
872 3153 935 3222 hoc
952 3155 1025 3222 loco
1050 3154 1141 3231 bella,
1165 3155 1206 3220 de
1229 3154 1347 3242 quibus

233 3262 322 3348 prius
345 3261 478 3337 dixerat,
500 3283 566 3327 non
589 3260 854 3327 commemoravit
876 3279 984 3349 neque
1008 3260 1125 3327 certius
1149 3259 1224 3326 belli
1242 3260 1349 3347 cujus-

234 3369 307 3433 dam
338 3365 479 3454 spatium
508 3365 688 3442 constituit,
717 3364 981 3432 concludendum
1010 3385 1084 3432 esse
1107 3386 1181 3431 oum
1205 3365 1348 3431 uoluisse

233 3470 312 3536 haec
347 3470 413 3536 duo
442 3469 527 3537 bella
556 3472 626 3538 sola
653 3491 725 3538 cum
749 3469 834 3536 bello
858 3469 1136 3558 Peloponnesiaco
1160 3490 1348 3558 comparare

232 3576 292 3641 sed
315 3575 422 3642 dicere
446 3575 604 3651 voluisse,
635 3575 855 3665 quodcunque
878 3576 1033 3662 temporis
1056 3577 1194 3664 spatium
1217 3594 1349 3660 compa-

233 3681 370 3747 randum
393 3681 464 3770 quis
489 3682 592 3772 eligat,
615 3683 685 3768 ejus
703 3681 784 3748 mala
802 3700 866 3746 non
883 3681 970 3768 paria
987 3703 1060 3750 esse
1077 3683 1134 3756 eis,
1157 3700 1240 3770 quae
1260 3677 1348 3744 bello

232 3784 512 3873 Peloponnesiaco
535 3785 712 3852 evenerint.
756 3786 835 3853 Cum
857 3785 953 3874 igitur
974 3786 1051 3854 illud
1074 3791 1139 3859 ἴσος
1161 3786 1204 3852 ad
1225 3783 1349 3850 nullum

233 3889 390 3978 temporis
413 3889 553 3978 spatium
576 3891 784 3958 referendum
807 3889 865 3967 sit,
889 3892 980 3980 quod
1003 3893 1142 3980 scriptor
1163 3901 1238 3957 ante
1260 3910 1349 3956 oom-

232 3993 438 4071 memoravit,
469 3995 510 4061 de
533 3994 619 4062 bello
642 3997 752 4064 XXVII
774 4016 934 4063 annorum
956 3997 1009 4064 illa
1031 3996 1130 4064 verba
1153 4016 1218 4062 non
1241 3993 1347 4060 minus

231 4111 318 4168 recte
342 4099 426 4166 dicta
448 4121 521 4168 esse
543 4113 698 4189 putantur
720 4121 817 4190 quam
843 4101 956 4172 decem
979 4124 1147 4172 annorum.
