3262 4752
712 311 922 370 -11-

337 493 460 558 Etenim
473 509 638 556 sumamus
651 499 737 555 recte
746 488 908 575 judicasse
918 489 1157 557 Cwiklinskium
1166 491 1201 576 ⁴),
1214 492 1269 580 qui
1282 491 1373 579 pdtat

260 599 320 665 hos
336 599 426 665 locos
442 594 657 684 aThueydide
673 605 750 681 post
765 604 869 661 totum
883 594 1004 662 bellum
1019 617 1102 684 opus
1116 597 1205 682 prius
1217 599 1372 682 scriptum

262 704 426 791 relegente
449 699 577 767 additos
601 721 674 766 esse
696 701 708 764 Ι
734 707 833 770 1-23
858 701 937 788 (cap.
960 707 1001 768 22
1023 702 1190 788 excepto);
1212 707 1372 782 97-1183

260 810 286 872 ll
308 814 365 884 205
389 812 543 886 48-51;
565 811 735 882 95-102,
761 807 1049 896 1;11182seqq-;
1076 813 1125 884 86,
1147 814 1183 888 4;
1205 813 1254 883 93,
1277 813 1313 886 2;
1335 807 1371 870 IV

262 918 311 989 48,
333 920 367 992 5;
388 918 439 987 74,
461 917 494 985 4;
519 916 568 987 84,
590 917 619 986 2,
641 917 677 990 33
702 918 771 987 104,
793 919 820 977 4.
853 912 890 976 lli
912 912 1006 1000 igitur
1027 913 1089 979 loci
1111 913 1137 979 si
1160 933 1275 978 omnes
1298 921 1373 997 post

260 1016 335 1083 belli
356 1014 455 1081 finem
477 1036 495 1080 0
519 1017 676 1102 scriptore
700 1016 799 1082 additi
822 1027 941 1092 essent,
964 1038 1076 1091 exeo,
1099 1016 1188 1106 qnod
1210 1036 1271 1103 per
1286 1025 1372 1080 totos

262 1131 415 1211 quattuor
443 1120 565 1207 primos
594 1119 693 1186 libros
722 1121 859 1210 dispersi
889 1131 979 1198 sunt,
1009 1121 1274 1210 cognoscendum
1304 1131 1374 1186 erat

261 1249 335 1294 eum
358 1225 419 1292 hos
443 1235 530 1292 totos
553 1225 707 1314 relegisse
730 1239 762 1293 et
782 1227 904 1316 ubique
923 1215 1120 1315 experientia
1136 1247 1175 1293 ae
1190 1224 1373 1314 cognitione

262 1352 341 1420 quas
364 1351 424 1417 per
446 1332 609 1417 posterius
631 1330 752 1398 bellum
775 1332 913 1419 adeptus
935 1343 1031 1408 esset,
1057 1355 1152 1399 usum
1175 1353 1248 1398 esse
1272 1331 1313 1396 ad
1336 1351 1375 1397 ea

260 1435 445 1503 illustranda
469 1457 552 1524 quae
574 1436 663 1522 prins
682 1438 882 1504 narravisset.
912 1439 978 1503 Hae
993 1451 1101 1504 autem
1116 1460 1169 1504 res
1186 1457 1262 1502 num
1279 1436 1374 1502 etiam

262 1543 309 1608 eis
332 1543 409 1608 locis
432 1542 649 1618 inveniantur,
671 1562 712 1606 ex
735 1540 852 1630 quibus
875 1541 1007 1608 Ultrices
1031 1543 1153 1631 quique
1176 1564 1249 1609 eum
1273 1542 1373 1608 secuti

261 1657 345 1725 sunt,
367 1658 555 1736 argumenta
578 1668 637 1714 sua
659 1647 850 1734 petiverunt,
877 1668 963 1713 nunc
984 1648 1162 1714 videamus.

345 1749 411 1818 Lib.
434 1753 528 1841 igilur
549 1753 574 1816 ll
590 1757 673 1824 54,3
697 1763 772 1820 sunl
795 1751 887 1818 llaec:
911 1751 947 1832 ἢν
968 1758 1001 1818 δέ
1021 1780 1063 1834 γε,
1085 1747 1176 1835 οἶμαι,
1199 1758 1273 1818 ποτὲ
1288 1751 1374 1822 olttos

262 1860 386 1938 ndlspoc
399 1859 557 1942 καταλάβῃ
570 1859 701 1937 Δωρικός
715 1857 802 1922 tot-oe
816 1853 940 1938 ὕστερος
954 1860 1003 1922 καὶ
1018 1859 1114 1944 §oppii
1126 1865 1268 1938 γενέσθαι
1282 1860 1373 1940 λιμόν,

261 1965 341 2027 κατα·
366 1966 401 2027 ad
428 1963 503 2033 εἰκός
530 1961 625 2032 οὕτως
652 1959 784 2046 pisonem.
839 1961 1042 2054 Thucydides
1074 1964 1137 2030 1400
1164 1965 1237 2031 4000
1268 1975 1373 2030 4404404

262 2067 473 2134 Athenienses
501 2068 588 2155 gravi
618 2065 799 2155 pestilentia
827 2088 1006 2155 oppressos
1038 2078 1129 2135 vetus
1154 2069 1318 2134 oraculum
1341 2069 1372 2133 in

262 2173 452 2239 memoriam
473 2192 661 2248 revocasse,
688 2193 753 2260 quo
778 2172 975 2258 praedictum
991 2183 1085 2252 ,esset
1106 2185 1278 2239 venturum
1300 2194 1373 2240 esse

263 2277 383 2344 bellum
399 2277 550 2344 Doricum
573 2278 734 2365 simulque
757 2297 831 2344 cum
854 2297 893 2343 eo
917 2277 1043 2344 40444040.
1082 2279 1160 2344 Cum
1183 2287 1290 2342 autem
1310 2277 1374 2363 pri·

263 2405 351 2450 mum
374 2381 612 2458 dissensissent,
634 2393 740 2447 utrum
762 2383 863 2448 lames
881 2382 982 2467 (λιμός)
999 2403 1039 2447 00
1056 2382 1236 2470 pestilentia
1253 2383 1374 2466 (λοιμός)

263 2488 428 2577 praedicta
450 2499 546 2564 esset,
567 2499 635 2554 tum
655 2489 831 2555 calamitate
847 2488 917 2575 ipsa
932 2486 1077 2574 plurimis
1093 2507 1284 2573 persuasum
1301 2508 1374 2553 esse

264 2594 393 2661 oraculo
417 2594 632 2681 pestilentiam
656 2603 845 2682 portentam
861 2613 943 2660 osse.
988 2593 1019 2658 Si
1044 2613 1122 2658 vero
1145 2593 1230 2659 aliud
1252 2592 1373 2659 bellum

264 2698 423 2766 Doricum·
443 2697 678 2787 posterioribus
707 2697 909 2785 temporibus
940 2709 1046 2765 ortum
1082 2709 1182 2773 esset,
1213 2696 1374 2785 simulque

264 2803 364 2870 lames
387 2804 577 2880 exstitisset,
607 2804 673 2869 veri
696 2803 797 2870 simile
820 2825 893 2870 esse
914 2803 969 2869 illo
991 2804 1091 2869 modo
1114 2802 1261 2869 homines
1284 2821 1376 2889 prae

265 2909 379 2975 dicere.
423 2911 508 2975 Haec
528 2909 623 2996 igitur
646 2906 742 2974 verba
767 2907 900 2974 Ullricus
923 2907 1094 2973 arbitratur
1116 2910 1198 2997 (pag.
1214 2915 1254 2977 70
1270 2907 1373 2996 seqq.)

265 3013 390 3080 duabus
414 3015 456 3080 de
478 3014 582 3082 causis
604 3011 823 3103 Thucydidem
846 3023 922 3099 post
945 3022 1049 3080 totum
1070 3011 1192 3079 bellum
1213 3013 1375 3099 Pelopon-

265 3120 425 3186 nesiacum
449 3116 589 3185 scribere
613 3138 677 3182 uon
702 3118 856 3204 potuisse,
880 3116 1129 3205 primumquod
1153 3116 1184 3180 in
1200 3113 1265 3181 fine
1280 3115 1375 3202 hujus

264 3222 339 3290 belli
362 3223 548 3311 gravissima
569 3221 671 3287 fames
687 3221 817 3288 Athenis
835 3213 1080 3298 lueritdeiude
1096 3221 1185 3308 quod
1201 3231 1271 3286 toto
1287 3219 1375 3288 bello

263 3329 412 3395 00040040
428 3326 668 3393 Atheniensium
689 3327 772 3394 vires
793 3339 857 3393 tam
880 3327 1004 3394 attritae
1025 3325 1151 3402 luerint,
1174 3336 1209 3391 ut
1232 3325 1273 3391 de
1290 3347 1375 3392 novo

264 3430 349 3497 bello
363 3431 640 3519 Peloponnesiaco
653 3431 856 3522 Thucydides
867 3434 1007 3523 cogitare
1025 3451 1089 3496 non
1106 3431 1255 3518 potuerit.
1287 3433 1377 3511 Quae

264 3546 377 3602 contra
405 3535 488 3602 hanc
510 3537 613 3603 Ullrioi
642 3535 834 3603 senteutiam
862 3558 879 3602 0
903 3536 1068 3603 Classenio
1095 3535 1229 3624 aliisque
1251 3536 1376 3622 prolata

264 3651 354 3717 sunt,
385 3662 446 3729 ego
476 3663 541 3707 uon
571 3652 734 3729 repetam,
762 3643 907 3729 quamvis
937 3641 1043 3730 gravia
1065 3641 1136 3707 sint.
1186 3642 1255 3707 Hoc
1276 3663 1375 3706 unum

265 3745 352 3812 dieo:
386 3745 425 3812 sit
455 3758 489 3812 ut
510 3747 714 3838 Thucydides
745 3746 825 3811 intra
847 3767 950 3814 anuos
972 3753 1153 3814 424-443
1176 3744 1256 3810 haec
1278 3745 1377 3830 scrip-

264 3849 350 3926 serit,
372 3868 446 3916 cum
468 3851 586 3917 famem
607 3851 690 3917 illam
707 3851 841 3917 extremi
859 3849 932 3918 belli
949 3852 1119 3940 ignoraret,
1142 3873 1219 3917 uum
1234 3859 1376 3916 mentem

349 4089 372 4159 ⁴)
398 4089 582 4158 Quaestioues
609 4090 644 4144 de
671 4095 874 4158 temporeque
896 4089 1075 4160 Thucydides
1095 4091 1219 4161 priorem
1237 4090 1374 4144 historiae

265 4194 332 4232 suae
353 4179 464 4246 partem
484 4178 684 4247 composuerit.
723 4177 858 4234 Gnesnae.
895 4179 969 4234 Dios.
989 4179 1085 4249 inaug.
1110 4179 1203 4235 Berol.
1224 4181 1303 4234 1843.
