3262 4752
776 279 984 342 ..30-

320 457 446 524 videtur
477 453 673 544 significasse
706 456 738 521 in
771 456 890 524 eodem
921 457 1007 524 bello
1041 457 1129 546 quod
1162 457 1341 546 scripturus
1374 471 1434 538 est,

319 576 434 650 postca
450 581 551 628 novas
567 559 742 627 discordias
758 562 865 629 civiles
881 561 979 628 lectas
996 583 1078 629 esse.
1107 565 1212 651 Atque
1228 563 1285 632 bas
1302 564 1434 654 quidem

320 688 375 734 eas
397 687 486 744 esse,
511 685 592 754 qrras
615 666 778 734 Diodorus
802 668 955 753 (1111148)
980 687 1065 734 1111
1089 675 1150 736 410
1172 668 1274 736 luisse
1296 669 1435 748 tradidit,

320 774 392 861 quis
415 782 465 839 est
488 770 565 860 quin
589 781 694 860 neget.
746 773 857 861 ltaque
879 771 925 839 sic
946 772 1032 840 hunc
1053 773 1160 839 locum
1184 772 1436 861 interpretantes

319 897 428 966 neque
443 896 577 965 egemus
590 875 693 943 Ullrici
709 876 974 963 interpretatione
989 878 1074 944 haud
1088 877 1170 945 facili
1183 899 1292 968 neque
1304 889 1436 966 oportet

319 1001 392 1048 cum
415 980 579 1049 Classenio
603 1001 622 1046 a
644 980 789 1048 Diodoro
811 979 910 1048 fidem
933 982 1156 1070 abjudicemus

402 1087 426 1152 V
448 1093 504 1164 20,
527 1093 545 1156 3
568 1097 645 1154 sunt
666 1087 761 1154 haec:
791 1083 907 1168 εὑρήσει
929 1141 935 1152 .
960 1141 966 1151 .
990 1139 996 1151 .
1019 1092 1091 1153 δέκα
1111 1094 1167 1169 μὲν
1194 1095 1273 1171 θέρη
1295 1090 1380 1159 tuom
1400 1095 1436 1155 δὲ

317 1190 464 1271 χειμῶνας
483 1192 526 1274 τῷ
541 1191 652 1276 πρώτῳ
668 1196 786 1276 πολέμῳ
801 1192 878 1276 τῷδε
892 1197 1108 1272 γεγενημένους.
1142 1195 1210 1260 Hoc
1232 1194 1326 1282 igitur
1348 1193 1432 1272 1000,

320 1317 386 1385 quo
404 1295 608 1388 Thucydides
633 1298 745 1364 decem
769 1317 873 1365 annos
897 1297 971 1364 belli
994 1297 1134 1385 respicit,
1158 1320 1241 1386 quos
1265 1320 1368 1389 usque
1392 1319 1433 1366 eo

319 1401 467 1478 narravit,
487 1403 604 1470 eodem
622 1402 735 1468 ordine
752 1424 817 1491 quo
834 1403 965 1492 reliquis
980 1402 1068 1480 locis,
1091 1401 1209 1491 quibus
1226 1404 1431 1492 praeteritam

317 1505 393 1574 belli
415 1519 539 1597 partem
561 1518 804 1584 commemorat,
826 1508 972 1575 videmus
996 1529 1178 1594 pronomen
1200 1506 1433 1595 3111111111)-

317 1613 489 1679 stantivum
511 1633 586 1679 eum
608 1611 783 1700 prosuisse.
818 1614 929 1700 ltaque
952 1635 991 1680 ex
1013 1613 1170 1681 hocloco
1193 1613 1280 1681 idem
1302 1612 1433 1680 conclu-

318 1717 461 1790 dendum
483 1728 533 1785 est
556 1719 646 1807 quod
668 1739 709 1786 ex
731 1718 837 1789 11154,
860 1723 878 1781 2
901 1717 1072 1784 formulam
1094 1714 1249 1800 ὄπόλεμος
1262 1715 1312 1782 dds
1333 1716 1431 1805 signi-

316 1818 412 1889 ficare
435 1843 507 1889 eam
529 1822 605 1890 belli
621 1832 746 1910 partem
762 1841 846 1911 quae
863 1842 966 1909 usque
983 1843 1023 1889 eo
1040 1833 1131 1912 gesta
1146 1823 1213 1890 sive
1230 1832 1355 1888 narrata
1370 1830 1430 1887 est.

399 1932 504 2016 Atque
533 1928 596 1995 hoo
626 1927 755 1995 duobus
785 1926 864 1993 alliis
885 1925 965 1992 locis
987 1925 1203 1993 confirmatur.
1254 1924 1319 1991 Lib.
1342 1924 1430 1990 enim

316 2032 405 2109 V20,
425 2040 450 2110 1,
471 2032 527 2099 ubi
550 2032 753 2099 decimum
775 2030 878 2098 belli
900 2051 1048 2097 annum
1064 2052 1197 2098 narrans
1215 2031 1338 2097 initium
1355 2029 1430 2097 belli

316 2147 558 2214 commemorat,
580 2137 655 2204 dicit
676 2140 732 2219 τήν
753 2135 851 2218 ἀρχὴν
870 2136 925 2202 τοῦ
945 2141 1076 2216 πολέμου
1096 2136 1193 2200 τοῦδε.
1231 2134 1297 2202 Lib.
1320 2152 1429 2202 autem

315 2241 328 2305 l
352 2247 426 2319 118,
448 2248 484 2321 2,
506 2242 562 2309 ubi
589 2241 727 2329 scriptor
748 2241 871 2308 initium
893 2240 967 2307 belli
991 2241 1080 2330 quod
1104 2261 1234 2307 narrare
1256 2238 1317 2306 sibi
1338 2261 1430 2326 pro-

313 2347 473 2433 posuit,
502 2357 751 2422 commemorat,
781 2347 856 2414 dicit
884 2349 939 2428 τήν
965 2343 1062 2428 ἀρχὴν
1089 2348 1177 2412 τοῦδε
1205 2345 1258 2412 τοῦ
1288 2350 1427 2426 πολέμου.

313 2453 483 2520 Praeterea
506 2452 636 2521 duobus
659 2452 737 2519 locis
760 2451 831 2518 libri
856 2452 964 2539 primi,
994 2451 1112 2540 quibus
1135 2449 1207 2517 finis
1229 2451 1328 2517 totius
1350 2448 1427 2516 belli

314 2570 602 2635 commemoratur,
629 2556 752 2622 mitium
781 2568 888 2623 autem
914 2556 1061 2622 nondum
1083 2567 1244 2622 narratum
1267 2565 1331 2631 est,
1361 2555 1428 2621 lor·

313 2660 432 2727 mulam
456 2675 641 2749 usurpatam
662 2662 842 2728 invenimus
865 2663 987 2742 τελευτή
1007 2661 1096 2727 τοῦδε
1117 2661 1171 2727 τοῦ
1185 2664 1315 2739 ccupas
1338 2660 1361 2744 (l
1380 2667 1426 2736 13,

312 2773 345 2848 3;
370 2771 417 2844 18,
443 2765 471 2850 1)
495 2788 560 2833 non
583 2775 638 2834 τοῦ
658 2767 899 2848 collocaverim.
934 2765 998 2832 Sed
1022 2767 1063 2833 de
1085 2767 1145 2833 hac
1166 2787 1202 2833 re
1224 2765 1321 2852 paulo
1343 2764 1426 2830 inira

313 2871 489 2938 accuratius
511 2873 672 2962 agendum
696 2872 762 2940 erit.

397 2975 470 3042 Non
493 2977 584 3046 aliter
605 2999 641 3047 ac
662 2981 753 3057 V20,
778 2986 791 3045 1
816 2974 1020 3066 Thucydides
1036 2975 1075 3039 lV
1096 2980 1163 3051 133,
1186 2981 1204 3042 3
1229 2974 1304 3042 dicit
1325 2973 1426 3065 Chry-

312 3082 373 3147 sim
394 3083 599 3152 sacerdotem
622 3096 695 3151 octo
726 3105 829 3151 annos
859 3081 1001 3169 nonique
1032 3078 1197 3146 dimidium
1218 3081 1273 3146 τοῦ
1294 3085 1426 3159 πολέμου

310 3188 397 3254 τοῦδε
413 3189 537 3267 vixisse,
561 3188 615 3256 ubi
638 3199 742 3255 totum
758 3186 878 3254 bellum
894 3184 1034 3273 intellegi
1049 3185 1125 3251 illud
1143 3184 1274 3273 quidem
1297 3205 1424 3272 posse

311 3315 376 3359 non
400 3315 494 3382 nego,
523 3294 583 3361 sed
606 3292 723 3361 rectius
747 3292 818 3358 dico
841 3292 873 3358 id
895 3289 1036 3378 intellegi
1060 3290 1149 3379 quod
1174 3310 1277 3378 usque
1301 3310 1341 3355 eo
1368 3288 1425 3355 de-

310 3398 490 3485 scripserat.

392 3503 484 3570 Aliud
500 3513 722 3592 argumentum
739 3502 780 3568 ad
796 3498 1050 3568 confirmandam
1068 3510 1212 3566 nostram
1228 3498 1423 3566 sententiam

308 3610 489 3677 contineter
510 3608 630 3688 verbis,
662 3608 780 3698 quibus
803 3605 940 3693 scriptor
973 3626 1024 3672 res
1046 3605 1178 3694 singulis
1201 3605 1292 3672 annis
1314 3613 1422 3693 gestas

308 3713 503 3784 concludere
531 3715 624 3782 solet.
666 3717 771 3804 Atque
802 3712 882 3778 haec
910 3729 950 3775 eo
981 3708 1080 3796 magis
1112 3709 1232 3786 valent,
1262 3708 1350 3798 quod
1381 3729 1421 3776 ex

309 3843 421 3889 corum
446 3821 598 3890 varietate
627 3839 806 3907 cognoscas
838 3815 1032 3901 scriptorem
1062 3835 1127 3880 non
1158 3814 1297 3882 formula
1319 3812 1421 3881 semel

307 3928 480 3994 constituta
502 3948 596 3994 usum
619 3945 692 3991 esse
715 3924 774 3990 sed
797 3919 995 4010 singulorum
1018 3940 1177 3987 annorum
1200 3918 1299 3986 rebus
1322 3917 1421 4006 gestis

308 4029 405 4096 verba
435 4051 493 4098 sua
520 4029 793 4100 accommodasse.
846 4027 960 4114 Neque
990 4022 1076 4090 enim
1110 4025 1281 4115 quisquam
1311 4023 1420 4090 dicere

308 4146 416 4224 potest
438 4137 569 4205 fortuito
595 4157 668 4205 esse
691 4134 827 4211 iactum,
851 4142 885 4198 ut
907 4128 1054 4215 scriptor,
1079 4128 1132 4196 nbi
1155 4143 1312 4207 narraret,
1335 4147 1420 4216 quoe
