3262 4752
649 263 861 326 „31-

198 456 274 535 post
285 445 391 512 Niciae
407 463 520 531 pacem
532 461 637 530 usque
650 440 689 506 ad
703 439 943 527 expeditionem
956 437 1153 506 Siciliensem
1168 438 1219 524 (ab
1231 461 1258 507 a.
1273 449 1308 510 11

198 572 302 640 usque
332 549 373 617 ad
406 557 441 616 15
469 545 555 628 belli)
584 555 674 636 gesta
702 555 830 626 essent,
859 544 976 610 borum
1005 564 1164 610 annorum
1193 543 1312 612 finibus

198 657 315 723 notatis
346 674 465 722 nomen
494 673 590 720 suum
620 671 685 717 non
716 649 859 716 adderet.
904 649 969 717 Sed
998 671 1036 716 ea
1067 649 1192 716 videtur
1213 670 1311 717 causa

198 763 308 840 luisse,
331 760 421 849 quod
442 779 495 824 res
510 757 558 824 his
574 756 665 823 annis
681 765 791 844 gestae
806 755 835 820 ei
850 754 989 822 leviores
1005 754 1092 822 visae
1107 765 1193 831 sunt,
1216 775 1312 844 quam

199 878 234 933 ut
256 865 473 933 necessarium
495 862 660 929 videretur
682 861 721 927 ad
744 858 843 927 fidem
867 882 981 927 eorum
1004 880 1089 948 quae
1116 861 1157 926 de
1177 860 1216 926 iis
1240 881 1312 927 nar·

197 980 339 1048 raverat,
368 967 622 1035 confirmandam
653 986 772 1032 nomen
801 987 896 1032 suum
923 965 1062 1046 addere3
1093 987 1167 1031 nam
1189 965 1248 1032 bao
1270 965 1311 1033 de

198 1097 294 1144 causa
324 1075 518 1163 plerumque
548 1071 676 1138 videtur
704 1069 877 1136 addidisse.
930 1071 968 1136 Ut
997 1091 1075 1136 vero
1106 1069 1205 1137 rebus
1237 1070 1313 1136 anni

199 1180 302 1247 octavi
336 1179 469 1245 narratis
504 1197 622 1244 nomen
655 1195 721 1241 non
751 1174 904 1253 adderet,
940 1177 998 1243 sed
1029 1176 1072 1242 ita
1102 1174 1313 1242 concluderet

199 1283 384 1372 (11111113)
406 1281 510 1364 dycaeo
530 1288 597 1353 ἔτος
618 1281 758 1348 ἐτελεύτα
778 1281 822 1364 τῷ
842 1286 963 1364 πολέμῳ
985 1303 1051 1347 non
1074 1281 1187 1347 barum
1210 1300 1311 1369 parvo

199 1398 367 1456 momento
387 1387 515 1454 videtur
535 1387 654 1454 sactum
677 1407 760 1462 esse,
782 1386 841 1452 sed
864 1386 952 1474 quod
976 1386 1008 1452 in
1031 1385 1145 1453 mediis
1169 1384 1216 1452 bis
1241 1406 1311 1452 nar-

198 1494 306 1560 randis
336 1513 457 1558 oomen
487 1513 582 1557 suum
613 1491 815 1576 (1111014)
845 1492 1119 1558 commemoravit.
1169 1490 1312 1580 Reliquis

198 1610 303 1666 autem
320 1597 432 1680 loois9)
454 1594 572 1685 quibus
591 1617 644 1663 res
665 1595 796 1684 singulis
816 1597 907 1664 annis
927 1597 1025 1686 gestis
1043 1595 1213 1674 concludit,
1236 1616 1312 1683 pro-

199 1723 319 1769 nomen
342 1699 391 1766 les
413 1711 488 1788 post
509 1699 744 1768 substantivum
766 1699 893 1780 πόλεμος
916 1701 1024 1788 posuit
1047 1721 1154 1789 neque
1178 1699 1312 1767 dubium

198 1820 262 1886 est,
298 1807 374 1896 quin
408 1816 585 1893 propterea
613 1803 659 1872 ab'
684 1805 747 1872 boc
776 1805 889 1872 ordine
920 1827 1084 1894 nunquam
1118 1804 1312 1882 discesserit,

198 1913 287 2003 quod
303 1911 363 1978 illis
379 1909 485 1977 verbis
501 1909 622 1976 bellum
646 1932 750 2001 usque
774 1931 814 1977 eo
839 1921 999 1976 narratum
1016 1907 1212 1998 significavit.
1249 1911 1313 1976 Ne·

199 2038 263 2106 que
279 2016 363 2082 enim
384 2014 554 2104 quisquam
571 2015 679 2083 dicere
697 2026 805 2104 potest
821 2026 995 2103 propterea
1018 2037 1092 2082 eum
1114 2016 1177 2083 hoc
1199 2015 1314 2082 ordine

199 2143 293 2188 usum
316 2140 405 2197 esse,
432 2121 520 2208 quod
546 2118 651 2186 verbis
674 2121 716 2187 ita
738 2121 901 2188 collocatis
931 2141 1113 2208 pronomen
1135 2121 1313 2198 relativum,

201 2227 289 2314 quod
311 2225 389 2292 illud
410 2221 426 2289 ὅ
447 2227 573 2304 πόλεμος
599 2221 650 2290 ὅδε
678 2225 871 2314 plerumque
894 2225 1040 2314 sequitur
1062 2226 1107 2310 (ὃν
1130 2233 1314 2308 Θουκυδίδης

179 2329 392 2416 ,ξυνέγραψεὴ
416 2329 529 2395 melius
552 2329 727 2418 adjungere
751 2331 902 2418 potuerit.
943 2330 1022 2395 Nam
1046 2330 1140 2396 etiam
1165 2351 1205 2396 eo
1228 2330 1311 2407 loco,

203 2456 268 2524 quo
284 2455 465 2521 pronomen
481 2434 648 2501 relativum
664 2456 730 2502 non
746 2436 901 2524 sequitur,
923 2435 1009 2501 idem
1032 2434 1114 2500 ordo
1137 2433 1311 2501 verborum

200 2538 367 2604 invenitur.
412 2538 477 2605 Lib.
508 2541 594 2606 enim
617 2541 643 2604 ll
666 2549 753 2618 47,1
786 2552 862 2608 sunt
890 2540 983 2606 baec:
1016 2539 1136 2621 πρῶτον
1156 2544 1224 2610 ἔτος
1244 2540 1312 2606 τοῦ

199 2649 372 2721 πολέμου
393 2645 507 2710 τοῦδε
529 2646 676 2712 ἐτελεύτα.
712 2648 839 2713 Nomen
863 2655 970 2712 autem
986 2667 1080 2712 suum
1096 2644 1235 2732 scriptor
1251 2642 1312 2710 boo

199 2748 273 2813 loco
297 2747 412 2813 eadem
435 2749 475 2815 de
497 2771 591 2817 causa
607 2772 673 2817 non
689 2751 813 2818 addidit
829 2772 892 2841 qua
907 2752 932 2814 ll
952 2758 977 2827 1,
1000 2750 1090 2838 quod
1113 2771 1154 2816 ex
1176 2750 1213 2816 iis
1230 2769 1313 2837 quae

199 2853 230 2919 in
253 2852 422 2940 prooemio
438 2852 586 2943 libroque
610 2856 714 2942 primo
738 2857 778 2923 de
794 2877 831 2923 se
847 2855 980 2933 dixerat,
1002 2855 1078 2922 satis
1094 2875 1130 2921 se
1146 2852 1312 2942 cognitum

199 2977 273 3024 esse
296 2955 333 3022 iis
356 2956 410 3045 qui
434 2980 518 3046 opus
540 2960 693 3048 legerent,
716 2960 858 3049 putabat.

283 3064 432 3128 Fortasse
464 3064 578 3130 dixerit
609 3067 767 3155 quispiam
798 3087 835 3132 ea
859 3085 941 3155 quae
965 3063 1070 3130 adbuc
1093 3063 1134 3129 de
1156 3059 1313 3150 signifiea-

201 3165 288 3232 tione
312 3165 543 3234 vooabulorum
559 3167 575 3234 0‘
589 3175 715 3251 πόλεμος
728 3169 776 3235 ὅδε
792 3169 1070 3257 disputaverimus,
1092 3167 1222 3234 refutari
1238 3167 1311 3234 loco

201 3292 296 3358 quem
328 3294 427 3337 unum
458 3296 497 3339 ex
527 3275 573 3340 eis
605 3273 724 3363 quibus
753 3275 803 3341 bic
833 3276 913 3341 ordo
944 3273 1118 3340 verborum
1141 3271 1311 3349 invenitur,

200 3376 347 3442 videmus
377 3376 533 3444 omisisse.
578 3377 643 3444 Lib.
667 3380 945 3456 enimV1187,5
978 3377 1031 3444 ubi
1058 3388 1134 3445 sunt
1163 3378 1243 3445 baec
1271 3377 1311 3444 de

199 3479 405 3568 expeditione
429 3482 599 3550 Siciliensi:
628 3487 734 3570 ξυνέβη
761 3510 795 3551 τε
823 3491 910 3565 ἔργον
936 3484 1026 3549 τοῦτο
1045 3479 1211 3564 Ἑλληνικὸν
1239 3483 1315 3549 τῶν

198 3587 298 3650 carol
319 3587 385 3650 τὸν
406 3588 576 3668 πόλεμον
595 3589 709 3655 τόνδε
730 3595 869 3668 μέγιστον
889 3593 1031 3668 γενέσθαι
1053 3587 1212 3654 vocabulo
1235 3589 1314 3652 nard

199 3691 249 3756 nb
269 3692 399 3771 πόλεμον
418 3690 504 3757 τόνδε
533 3713 599 3758 non
630 3692 750 3759 bellurn
781 3715 885 3781 usque
913 3714 952 3759 eo
976 3703 1102 3781 gestum
1125 3693 1184 3759 sed
1207 3702 1312 3758 totum

198 3792 376 3882 significari.
410 3797 490 3862 Nam
513 3809 767 3865 consentaneum
790 3818 864 3864 esse
879 3797 1100 3889 Thucydidem
1123 3817 1192 3863 rem
1214 3796 1313 3862 totius

271 4037 404 4107 ο)111“1,
426 4041 454 4107 ¹3
480 4040 524 4107 10,
545 4043 573 4108 5;
597 4042 656 4109 103,
676 4043 705 4107 23
731 4038 1133 4109 11125,a;ea‚4;1to,3;
1160 4035 1199 4092 IV
1219 4040 1264 4108 ot,
1284 4041 1309 4108 23

201 4129 312 4198 135,1,
336 4124 471 4194 1114,
492 4127 535 4193 os,
556 4129 586 4193 4;
614 4125 666 4180 v11
688 4128 729 4194 ra,
749 4130 781 4194 1,
808 4123 877 4182 1111
896 4131 922 4196 o,
942 4131 973 4194 a,
994 4127 1038 4195 oo,
1057 4128 1082 4178 a.
