<?xml version="1.0" encoding="UTF-8"?>
<!DOCTYPE html PUBLIC "-//W3C//DTD XHTML 1.0 Transitional//EN"
    "http://www.w3.org/TR/xhtml1/DTD/xhtml1-transitional.dtd">
<html xmlns="http://www.w3.org/1999/xhtml" xml:lang="en" lang="en">
 <head>
  <title>
</title>
<meta http-equiv="Content-Type" content="text/html;charset=utf-8" />
  <meta name='ocr-system' content='tesseract 3.04.00' />
  <meta name='ocr-capabilities' content='ocr_page ocr_carea ocr_par ocr_line ocrx_word'/>
</head>
<body>
  <div class='ocr_page' id='page_1' title='image "./inotemporethucy00kielgoog_0051.png"; bbox 0 0 3262 4752; ppageno 0'>
   <div class='ocr_carea' id='block_1_1' title="bbox 745 253 957 317">
    <p class='ocr_par' dir='ltr' id='par_1_1' title="bbox 745 253 957 317">
     <span class='ocr_line' id='line_1_1' title="bbox 745 253 957 317; baseline -0.009 -17"><span class='ocrx_word' id='word_1_1' title='bbox 745 253 957 317; x_wconf 67' lang='grc'>..46-</span> 
     </span>
    </p>
   </div>
   <div class='ocr_carea' id='block_1_2' title="bbox 281 409 1428 4197">
    <p class='ocr_par' dir='ltr' id='par_1_2' title="bbox 291 409 1428 836">
     <span class='ocr_line' id='line_1_2' title="bbox 293 409 1403 520; baseline 0.007 -24"><span class='ocrx_word' id='word_1_2' title='bbox 293 429 437 520; x_wconf 85' lang='lat' dir='ltr'><strong>quamvis</strong></span> <span class='ocrx_word' id='word_1_3' title='bbox 467 442 558 500; x_wconf 87' lang='lat' dir='ltr'><strong>atrox</strong></span> <span class='ocrx_word' id='word_1_4' title='bbox 587 442 620 498; x_wconf 89' lang='lat' dir='ltr'><strong>et</strong></span> <span class='ocrx_word' id='word_1_5' title='bbox 651 431 796 500; x_wconf 85' lang='lat' dir='ltr'><strong>terribilis</strong></span> <span class='ocrx_word' id='word_1_6' title='bbox 819 431 899 500; x_wconf 83' lang='lat' dir='ltr'><strong>haec</strong></span> <span class='ocrx_word' id='word_1_7' title='bbox 919 409 1032 508; x_wconf 67' lang='lat' dir='ltr'><strong>luerit,</strong></span> <span class='ocrx_word' id='word_1_8' title='bbox 1058 442 1165 500; x_wconf 90' lang='lat' dir='ltr'><strong>tamen</strong></span> <span class='ocrx_word' id='word_1_9' title='bbox 1188 428 1403 504; x_wconf 69' lang='lat' dir='ltr'><strong>Athenienses</strong></span> 
     </span>
     <span class='ocr_line' id='line_1_3' title="bbox 291 533 1428 631; baseline 0.008 -29"><span class='ocrx_word' id='word_1_10' title='bbox 291 548 356 602; x_wconf 90' lang='lat' dir='ltr'><strong>tam</strong></span> <span class='ocrx_word' id='word_1_11' title='bbox 379 537 525 605; x_wconf 79' lang='lat' dir='ltr'><strong>celeriter</strong></span> <span class='ocrx_word' id='word_1_12' title='bbox 547 560 588 604; x_wconf 91' lang='lat' dir='ltr'><strong>ex</strong></span> <span class='ocrx_word' id='word_1_13' title='bbox 611 539 680 626; x_wconf 84' lang='lat' dir='ltr'><strong>ejus</strong></span> <span class='ocrx_word' id='word_1_14' title='bbox 704 539 828 606; x_wconf 87' lang='lat' dir='ltr'><strong>damnis</strong></span> <span class='ocrx_word' id='word_1_15' title='bbox 853 549 1015 606; x_wconf 88' lang='lat' dir='ltr'><strong>recreatos</strong></span> <span class='ocrx_word' id='word_1_16' title='bbox 1039 560 1127 616; x_wconf 86' lang='lat' dir='ltr'><strong>esse,</strong></span> <span class='ocrx_word' id='word_1_17' title='bbox 1150 549 1186 606; x_wconf 93' lang='lat' dir='ltr'><strong>ut</strong></span> <span class='ocrx_word' id='word_1_18' title='bbox 1208 561 1281 607; x_wconf 90' lang='lat' dir='ltr'><strong>oum</strong></span> <span class='ocrx_word' id='word_1_19' title='bbox 1305 533 1428 631; x_wconf 43' lang='lat' dir='ltr'><strong>expe—⁶</strong></span> 
     </span>
     <span class='ocr_line' id='line_1_4' title="bbox 292 641 1407 732; baseline 0.006 -25"><span class='ocrx_word' id='word_1_20' title='bbox 292 641 446 708; x_wconf 82' lang='lat' dir='ltr'><strong>ditionem</strong></span> <span class='ocrx_word' id='word_1_21' title='bbox 463 642 659 709; x_wconf 86' lang='lat' dir='ltr'><strong>Siciliensem</strong></span> <span class='ocrx_word' id='word_1_22' title='bbox 676 645 888 732; x_wconf 75' lang='lat' dir='ltr'><strong>susciperent,</strong></span> <span class='ocrx_word' id='word_1_23' title='bbox 905 644 1026 710; x_wconf 92' lang='lat' dir='ltr'><strong>nullum</strong></span> <span class='ocrx_word' id='word_1_24' title='bbox 1043 645 1113 732; x_wconf 86' lang='lat' dir='ltr'><strong>ejus</strong></span> <span class='ocrx_word' id='word_1_25' title='bbox 1129 645 1295 714; x_wconf 87' lang='lat' dir='ltr'><strong>videretur</strong></span> <span class='ocrx_word' id='word_1_26' title='bbox 1309 652 1407 716; x_wconf 88' lang='lat' dir='ltr'><strong>vesti-</strong></span> 
     </span>
     <span class='ocr_line' id='line_1_5' title="bbox 292 737 1366 836; baseline 0.015 -26"><span class='ocrx_word' id='word_1_27' title='bbox 292 746 379 834; x_wconf 84' lang='lat' dir='ltr'><strong>gium</strong></span> <span class='ocrx_word' id='word_1_28' title='bbox 402 747 561 836; x_wconf 86' lang='lat' dir='ltr'><strong>reliquum</strong></span> <span class='ocrx_word' id='word_1_29' title='bbox 584 769 666 815; x_wconf 91' lang='lat' dir='ltr'><strong>esse.</strong></span> <span class='ocrx_word' id='word_1_30' title='bbox 1364 737 1366 742; x_wconf 23' lang='grc' dir='ltr'>Ι</span> 
     </span>
    </p>

    <p class='ocr_par' dir='ltr' id='par_1_3' title="bbox 289 852 1405 1569">
     <span class='ocr_line' id='line_1_6' title="bbox 377 852 1405 944; baseline 0.008 -27"><span class='ocrx_word' id='word_1_31' title='bbox 377 852 605 919; x_wconf 84' lang='lat' dir='ltr'><strong>Gravissimum</strong></span> <span class='ocrx_word' id='word_1_32' title='bbox 628 865 745 929; x_wconf 89' lang='lat' dir='ltr'><strong>autem,</strong></span> <span class='ocrx_word' id='word_1_33' title='bbox 768 875 834 941; x_wconf 91' lang='lat' dir='ltr'><strong>quo</strong></span> <span class='ocrx_word' id='word_1_34' title='bbox 853 853 956 920; x_wconf 88' lang='lat' dir='ltr'><strong>Ullrici</strong></span> <span class='ocrx_word' id='word_1_35' title='bbox 980 854 1137 921; x_wconf 86' lang='lat' dir='ltr'><strong>sententia</strong></span> <span class='ocrx_word' id='word_1_36' title='bbox 1161 857 1405 944; x_wconf 83' lang='lat' dir='ltr'><strong>comprobetur,</strong></span> 
     </span>
     <span class='ocr_line' id='line_1_7' title="bbox 291 957 1404 1050; baseline 0.006 -28"><span class='ocrx_word' id='word_1_37' title='bbox 291 978 405 1024; x_wconf 87' lang='lat' dir='ltr'><strong>omues</strong></span> <span class='ocrx_word' id='word_1_38' title='bbox 435 957 467 1023; x_wconf 93' lang='lat' dir='ltr'><strong>id</strong></span> <span class='ocrx_word' id='word_1_39' title='bbox 497 978 569 1024; x_wconf 91' lang='lat' dir='ltr'><strong>esse</strong></span> <span class='ocrx_word' id='word_1_40' title='bbox 601 969 811 1046; x_wconf 87' lang='lat' dir='ltr'><strong>putaverunt,</strong></span> <span class='ocrx_word' id='word_1_41' title='bbox 842 959 932 1046; x_wconf 87' lang='lat' dir='ltr'><strong>quod</strong></span> <span class='ocrx_word' id='word_1_42' title='bbox 963 980 980 1024; x_wconf 89' lang='lat' dir='ltr'><strong>a</strong></span> <span class='ocrx_word' id='word_1_43' title='bbox 1008 959 1167 1046; x_wconf 89' lang='lat' dir='ltr'><strong>scriptore</strong></span> <span class='ocrx_word' id='word_1_44' title='bbox 1195 959 1227 1026; x_wconf 93' lang='lat' dir='ltr'><strong>iu</strong></span> <span class='ocrx_word' id='word_1_45' title='bbox 1249 960 1295 1028; x_wconf 91' lang='lat' dir='ltr'><strong>eis</strong></span> <span class='ocrx_word' id='word_1_46' title='bbox 1319 983 1404 1050; x_wconf 88' lang='lat' dir='ltr'><strong>quae</strong></span> 
     </span>
     <span class='ocr_line' id='line_1_8' title="bbox 290 1061 1403 1155; baseline 0.006 -29"><span class='ocrx_word' id='word_1_47' title='bbox 290 1075 404 1129; x_wconf 88' lang='lat' dir='ltr'><strong>natura</strong></span> <span class='ocrx_word' id='word_1_48' title='bbox 425 1063 508 1128; x_wconf 90' lang='lat' dir='ltr'><strong>inter</strong></span> <span class='ocrx_word' id='word_1_49' title='bbox 530 1062 592 1129; x_wconf 88' lang='lat' dir='ltr'><strong>hoc</strong></span> <span class='ocrx_word' id='word_1_50' title='bbox 607 1062 728 1129; x_wconf 92' lang='lat' dir='ltr'><strong>bellum</strong></span> <span class='ocrx_word' id='word_1_51' title='bbox 744 1061 927 1139; x_wconf 88' lang='lat' dir='ltr'><strong>acciderint,</strong></span> <span class='ocrx_word' id='word_1_52' title='bbox 948 1063 1043 1130; x_wconf 87' lang='lat' dir='ltr'><strong>lunae</strong></span> <span class='ocrx_word' id='word_1_53' title='bbox 1060 1063 1198 1131; x_wconf 87' lang='lat' dir='ltr'><strong>delectio</strong></span> <span class='ocrx_word' id='word_1_54' title='bbox 1215 1087 1300 1155; x_wconf 86' lang='lat' dir='ltr'><strong>quae</strong></span> <span class='ocrx_word' id='word_1_55' title='bbox 1315 1086 1403 1134; x_wconf 87' lang='lat' dir='ltr'><strong>anno</strong></span> 
     </span>
     <span class='ocr_line' id='line_1_9' title="bbox 291 1166 1405 1244; baseline 0.002 -10"><span class='ocrx_word' id='word_1_56' title='bbox 291 1175 350 1236; x_wconf 87' lang='grc'><strong>413</strong></span> <span class='ocrx_word' id='word_1_57' title='bbox 382 1166 490 1244; x_wconf 86' lang='lat' dir='ltr'><strong>luerit,</strong></span> <span class='ocrx_word' id='word_1_58' title='bbox 518 1166 558 1233; x_wconf 91' lang='lat' dir='ltr'><strong>ab</strong></span> <span class='ocrx_word' id='word_1_59' title='bbox 589 1189 629 1234; x_wconf 91' lang='lat' dir='ltr'><strong>eo</strong></span> <span class='ocrx_word' id='word_1_60' title='bbox 657 1188 722 1233; x_wconf 92' lang='lat' dir='ltr'><strong>non</strong></span> <span class='ocrx_word' id='word_1_61' title='bbox 745 1180 1027 1234; x_wconf 87' lang='lat' dir='ltr'><strong>commemoretur.</strong></span> <span class='ocrx_word' id='word_1_62' title='bbox 1071 1170 1151 1235; x_wconf 88' lang='lat' dir='ltr'><strong>Nam</strong></span> <span class='ocrx_word' id='word_1_63' title='bbox 1180 1169 1262 1236; x_wconf 86' lang='lat' dir='ltr'><strong>hano</strong></span> <span class='ocrx_word' id='word_1_64' title='bbox 1291 1171 1317 1236; x_wconf 91' lang='lat' dir='ltr'><strong>si</strong></span> <span class='ocrx_word' id='word_1_65' title='bbox 1348 1192 1405 1236; x_wconf 86' lang='lat' dir='ltr'><strong>oo-</strong></span> 
     </span>
     <span class='ocr_line' id='line_1_10' title="bbox 290 1270 1404 1360; baseline 0.005 -24"><span class='ocrx_word' id='word_1_66' title='bbox 290 1271 407 1356; x_wconf 83' lang='lat' dir='ltr'><strong>gnitam</strong></span> <span class='ocrx_word' id='word_1_67' title='bbox 436 1270 617 1349; x_wconf 86' lang='lat' dir='ltr'><strong>habuisset,</strong></span> <span class='ocrx_word' id='word_1_68' title='bbox 646 1293 720 1338; x_wconf 90' lang='lat' dir='ltr'><strong>eum</strong></span> <span class='ocrx_word' id='word_1_69' title='bbox 744 1282 857 1360; x_wconf 87' lang='lat' dir='ltr'><strong>putant</strong></span> <span class='ocrx_word' id='word_1_70' title='bbox 879 1274 1074 1341; x_wconf 88' lang='lat' dir='ltr'><strong>omissurum</strong></span> <span class='ocrx_word' id='word_1_71' title='bbox 1097 1296 1162 1339; x_wconf 92' lang='lat' dir='ltr'><strong>non</strong></span> <span class='ocrx_word' id='word_1_72' title='bbox 1184 1274 1300 1352; x_wconf 84' lang='lat' dir='ltr'><strong>luisse,</strong></span> <span class='ocrx_word' id='word_1_73' title='bbox 1329 1296 1404 1342; x_wconf 88' lang='lat' dir='ltr'><strong>cum</strong></span> 
     </span>
     <span class='ocr_line' id='line_1_11' title="bbox 291 1376 1404 1467; baseline 0.003 -25"><span class='ocrx_word' id='word_1_74' title='bbox 291 1376 434 1444; x_wconf 91' lang='lat' dir='ltr'><strong>omnium</strong></span> <span class='ocrx_word' id='word_1_75' title='bbox 455 1398 563 1443; x_wconf 90' lang='lat' dir='ltr'><strong>rerum</strong></span> <span class='ocrx_word' id='word_1_76' title='bbox 586 1377 681 1464; x_wconf 86' lang='lat' dir='ltr'><strong>hujus</strong></span> <span class='ocrx_word' id='word_1_77' title='bbox 703 1377 829 1464; x_wconf 81' lang='lat' dir='ltr'><strong>generis</strong></span> <span class='ocrx_word' id='word_1_78' title='bbox 851 1379 948 1467; x_wconf 86' lang='lat' dir='ltr'><strong>longe</strong></span> <span class='ocrx_word' id='word_1_79' title='bbox 971 1379 1155 1467; x_wconf 83' lang='lat' dir='ltr'><strong>gravissima</strong></span> <span class='ocrx_word' id='word_1_80' title='bbox 1178 1390 1210 1445; x_wconf 90' lang='lat' dir='ltr'><strong>et</strong></span> <span class='ocrx_word' id='word_1_81' title='bbox 1232 1379 1404 1445; x_wconf 77' lang='lat' dir='ltr'><strong>Athenien-</strong></span> 
     </span>
     <span class='ocr_line' id='line_1_12' title="bbox 289 1480 796 1569; baseline -0.002 -23"><span class='ocrx_word' id='word_1_82' title='bbox 289 1480 378 1547; x_wconf 88' lang='lat' dir='ltr'><strong>sibus</strong></span> <span class='ocrx_word' id='word_1_83' title='bbox 400 1481 671 1569; x_wconf 90' lang='lat' dir='ltr'><strong>perniciosissima</strong></span> <span class='ocrx_word' id='word_1_84' title='bbox 693 1481 796 1548; x_wconf 88' lang='lat' dir='ltr'><strong>luerit.</strong></span> 
     </span>
    </p>

    <p class='ocr_par' dir='ltr' id='par_1_4' title="bbox 283 1586 1402 3565">
     <span class='ocr_line' id='line_1_13' title="bbox 373 1586 1402 1676; baseline 0.005 -25"><span class='ocrx_word' id='word_1_85' title='bbox 373 1587 427 1654; x_wconf 92' lang='lat' dir='ltr'><strong>His</strong></span> <span class='ocrx_word' id='word_1_86' title='bbox 457 1587 551 1676; x_wconf 80' lang='lat' dir='ltr'><strong>igitur</strong></span> <span class='ocrx_word' id='word_1_87' title='bbox 573 1586 677 1653; x_wconf 91' lang='lat' dir='ltr'><strong>Ullrici</strong></span> <span class='ocrx_word' id='word_1_88' title='bbox 706 1589 902 1676; x_wconf 81' lang='lat' dir='ltr'><strong>argumentis</strong></span> <span class='ocrx_word' id='word_1_89' title='bbox 935 1609 1048 1655; x_wconf 91' lang='lat' dir='ltr'><strong>omnes</strong></span> <span class='ocrx_word' id='word_1_90' title='bbox 1078 1589 1146 1656; x_wconf 86' lang='lat' dir='ltr'><strong>lere</strong></span> <span class='ocrx_word' id='word_1_91' title='bbox 1175 1589 1229 1676; x_wconf 92' lang='lat' dir='ltr'><strong>qui</strong></span> <span class='ocrx_word' id='word_1_92' title='bbox 1259 1587 1299 1654; x_wconf 93' lang='lat' dir='ltr'><strong>ab</strong></span> <span class='ocrx_word' id='word_1_93' title='bbox 1329 1589 1402 1675; x_wconf 86' lang='lat' dir='ltr'><strong>ejus</strong></span> 
     </span>
     <span class='ocr_line' id='line_1_14' title="bbox 289 1691 1401 1780; baseline 0.002 -22"><span class='ocrx_word' id='word_1_94' title='bbox 289 1692 434 1780; x_wconf 90' lang='lat' dir='ltr'><strong>partibus</strong></span> <span class='ocrx_word' id='word_1_95' title='bbox 450 1702 543 1768; x_wconf 90' lang='lat' dir='ltr'><strong>stant,</strong></span> <span class='ocrx_word' id='word_1_96' title='bbox 559 1691 681 1758; x_wconf 85' lang='lat' dir='ltr'><strong>assensi</strong></span> <span class='ocrx_word' id='word_1_97' title='bbox 697 1706 780 1758; x_wconf 90' lang='lat' dir='ltr'><strong>sunt.</strong></span> <span class='ocrx_word' id='word_1_98' title='bbox 818 1691 995 1760; x_wconf 85' lang='lat' dir='ltr'><strong>Schoenius</strong></span> <span class='ocrx_word' id='word_1_99' title='bbox 1011 1703 1120 1758; x_wconf 89' lang='lat' dir='ltr'><strong>autem</strong></span> <span class='ocrx_word' id='word_1_100' title='bbox 1134 1693 1205 1780; x_wconf 91' lang='lat' dir='ltr'><strong>ipse</strong></span> <span class='ocrx_word' id='word_1_101' title='bbox 1221 1693 1401 1760; x_wconf 91' lang='lat' dir='ltr'><strong>assentiens</strong></span> 
     </span>
     <span class='ocr_line' id='line_1_15' title="bbox 290 1796 1402 1888; baseline 0.001 -25"><span class='ocrx_word' id='word_1_102' title='bbox 290 1803 373 1886; x_wconf 80' lang='lat' dir='ltr'><strong>(pag.</strong></span> <span class='ocrx_word' id='word_1_103' title='bbox 396 1797 467 1880; x_wconf 80' lang='lat'>828)</span> <span class='ocrx_word' id='word_1_104' title='bbox 492 1797 614 1884; x_wconf 89' lang='lat' dir='ltr'><strong>putavit</strong></span> <span class='ocrx_word' id='word_1_105' title='bbox 640 1796 658 1883; x_wconf 65' lang='grc' dir='ltr'>ξ</span> <span class='ocrx_word' id='word_1_106' title='bbox 684 1806 697 1864; x_wconf 85' lang='lat' dir='ltr'><strong>l</strong></span> <span class='ocrx_word' id='word_1_107' title='bbox 724 1808 756 1863; x_wconf 92' lang='lat' dir='ltr'><strong>et</strong></span> <span class='ocrx_word' id='word_1_108' title='bbox 778 1805 796 1866; x_wconf 87' lang='lat'>3</span> <span class='ocrx_word' id='word_1_109' title='bbox 820 1818 891 1864; x_wconf 90' lang='lat' dir='ltr'><strong>cum</strong></span> <span class='ocrx_word' id='word_1_110' title='bbox 921 1797 1059 1884; x_wconf 91' lang='lat' dir='ltr'><strong>primum</strong></span> <span class='ocrx_word' id='word_1_111' title='bbox 1083 1797 1286 1888; x_wconf 81' lang='lat' dir='ltr'><strong>Thucydides</strong></span> <span class='ocrx_word' id='word_1_112' title='bbox 1317 1819 1402 1884; x_wconf 90' lang='lat' dir='ltr'><strong>opus</strong></span> 
     </span>
     <span class='ocr_line' id='line_1_16' title="bbox 289 1901 1402 1991; baseline 0.001 -23"><span class='ocrx_word' id='word_1_113' title='bbox 289 1901 453 1976; x_wconf 87' lang='lat' dir='ltr'><strong>scriberet,</strong></span> <span class='ocrx_word' id='word_1_114' title='bbox 475 1902 672 1990; x_wconf 86' lang='lat' dir='ltr'><strong>compositas</strong></span> <span class='ocrx_word' id='word_1_115' title='bbox 696 1923 785 1984; x_wconf 88' lang='lat' dir='ltr'><strong>esse;</strong></span> <span class='ocrx_word' id='word_1_116' title='bbox 809 1923 892 1991; x_wconf 88' lang='lat' dir='ltr'><strong>quae</strong></span> <span class='ocrx_word' id='word_1_117' title='bbox 915 1913 1023 1970; x_wconf 89' lang='lat' dir='ltr'><strong>autem</strong></span> <span class='ocrx_word' id='word_1_118' title='bbox 1045 1903 1076 1968; x_wconf 93' lang='lat' dir='ltr'><strong>in</strong></span> <span class='ocrx_word' id='word_1_119' title='bbox 1100 1901 1117 1988; x_wconf 64' lang='grc' dir='ltr'><strong>ἕ</strong></span> <span class='ocrx_word' id='word_1_120' title='bbox 1140 1910 1159 1970; x_wconf 79' lang='lat'><strong>2</strong></span> <span class='ocrx_word' id='word_1_121' title='bbox 1182 1903 1253 1980; x_wconf 90' lang='lat' dir='ltr'><strong>sint,</strong></span> <span class='ocrx_word' id='word_1_122' title='bbox 1276 1903 1336 1968; x_wconf 91' lang='lat' dir='ltr'><strong>nisi</strong></span> <span class='ocrx_word' id='word_1_123' title='bbox 1360 1903 1402 1969; x_wconf 88' lang='lat' dir='ltr'><strong>de</strong></span> 
     </span>
     <span class='ocr_line' id='line_1_17' title="bbox 289 2005 1401 2095; baseline 0 -23"><span class='ocrx_word' id='word_1_124' title='bbox 289 2017 358 2072; x_wconf 90' lang='lat' dir='ltr'><strong>toto</strong></span> <span class='ocrx_word' id='word_1_125' title='bbox 381 2005 467 2071; x_wconf 92' lang='lat' dir='ltr'><strong>bello</strong></span> <span class='ocrx_word' id='word_1_126' title='bbox 490 2007 600 2072; x_wconf 81' lang='lat' dir='ltr'>XXVII</span> <span class='ocrx_word' id='word_1_127' title='bbox 622 2026 781 2072; x_wconf 91' lang='lat' dir='ltr'><strong>annorum</strong></span> <span class='ocrx_word' id='word_1_128' title='bbox 804 2007 864 2073; x_wconf 92' lang='lat' dir='ltr'><strong>dici</strong></span> <span class='ocrx_word' id='word_1_129' title='bbox 889 2029 954 2073; x_wconf 93' lang='lat' dir='ltr'><strong>uon</strong></span> <span class='ocrx_word' id='word_1_130' title='bbox 977 2027 1084 2094; x_wconf 93' lang='lat' dir='ltr'><strong>posse.</strong></span> <span class='ocrx_word' id='word_1_131' title='bbox 1124 2008 1229 2095; x_wconf 86' lang='lat' dir='ltr'><strong>Atque</strong></span> <span class='ocrx_word' id='word_1_132' title='bbox 1251 2006 1336 2074; x_wconf 91' lang='lat' dir='ltr'><strong>hauc</strong></span> <span class='ocrx_word' id='word_1_133' title='bbox 1356 2006 1401 2072; x_wconf 94' lang='lat' dir='ltr'><strong>ob</strong></span> 
     </span>
     <span class='ocr_line' id='line_1_18' title="bbox 289 2110 1401 2199; baseline -0.003 -19"><span class='ocrx_word' id='word_1_134' title='bbox 289 2133 416 2180; x_wconf 87' lang='lat' dir='ltr'><strong>causam</strong></span> <span class='ocrx_word' id='word_1_135' title='bbox 439 2110 518 2177; x_wconf 88' lang='lat' dir='ltr'><strong>haec</strong></span> <span class='ocrx_word' id='word_1_136' title='bbox 540 2121 616 2197; x_wconf 91' lang='lat' dir='ltr'><strong>post</strong></span> <span class='ocrx_word' id='word_1_137' title='bbox 637 2110 736 2177; x_wconf 88' lang='lat' dir='ltr'><strong>totius</strong></span> <span class='ocrx_word' id='word_1_138' title='bbox 759 2110 833 2177; x_wconf 89' lang='lat' dir='ltr'><strong>belli</strong></span> <span class='ocrx_word' id='word_1_139' title='bbox 855 2111 952 2178; x_wconf 90' lang='lat' dir='ltr'><strong>finem</strong></span> <span class='ocrx_word' id='word_1_140' title='bbox 975 2111 1093 2198; x_wconf 83' lang='lat' dir='ltr'><strong>scripta</strong></span> <span class='ocrx_word' id='word_1_141' title='bbox 1109 2133 1183 2178; x_wconf 88' lang='lat' dir='ltr'><strong>esse</strong></span> <span class='ocrx_word' id='word_1_142' title='bbox 1198 2122 1297 2199; x_wconf 91' lang='lat' dir='ltr'><strong>putat.</strong></span> <span class='ocrx_word' id='word_1_143' title='bbox 1335 2111 1401 2177; x_wconf 91' lang='lat' dir='ltr'><strong>Sed</strong></span> 
     </span>
     <span class='ocr_line' id='line_1_19' title="bbox 289 2215 1399 2306; baseline -0.002 -23"><span class='ocrx_word' id='word_1_144' title='bbox 289 2217 364 2283; x_wconf 93' lang='lat' dir='ltr'><strong>mihi</strong></span> <span class='ocrx_word' id='word_1_145' title='bbox 386 2216 535 2284; x_wconf 87' lang='lat' dir='ltr'><strong>videntur</strong></span> <span class='ocrx_word' id='word_1_146' title='bbox 556 2216 636 2284; x_wconf 88' lang='lat' dir='ltr'><strong>haec</strong></span> <span class='ocrx_word' id='word_1_147' title='bbox 657 2215 699 2282; x_wconf 92' lang='lat' dir='ltr'><strong>ita</strong></span> <span class='ocrx_word' id='word_1_148' title='bbox 722 2228 754 2282; x_wconf 91' lang='lat' dir='ltr'><strong>et</strong></span> <span class='ocrx_word' id='word_1_149' title='bbox 777 2239 849 2284; x_wconf 89' lang='lat' dir='ltr'><strong>cum</strong></span> <span class='ocrx_word' id='word_1_150' title='bbox 873 2219 919 2285; x_wconf 92' lang='lat' dir='ltr'><strong>eis</strong></span> <span class='ocrx_word' id='word_1_151' title='bbox 943 2238 1026 2306; x_wconf 88' lang='lat' dir='ltr'><strong>quae</strong></span> <span class='ocrx_word' id='word_1_152' title='bbox 1049 2217 1254 2288; x_wconf 87' lang='lat' dir='ltr'><strong>antecedunt,</strong></span> <span class='ocrx_word' id='word_1_153' title='bbox 1276 2225 1399 2281; x_wconf 87' lang='lat' dir='ltr'><strong>etcum</strong></span> 
     </span>
     <span class='ocr_line' id='line_1_20' title="bbox 288 2322 1401 2411; baseline -0.004 -23"><span class='ocrx_word' id='word_1_154' title='bbox 288 2324 334 2389; x_wconf 89' lang='lat' dir='ltr'><strong>eis</strong></span> <span class='ocrx_word' id='word_1_155' title='bbox 357 2343 440 2411; x_wconf 90' lang='lat' dir='ltr'><strong>quae</strong></span> <span class='ocrx_word' id='word_1_156' title='bbox 463 2331 651 2410; x_wconf 87' lang='lat' dir='ltr'><strong>sequuntur,</strong></span> <span class='ocrx_word' id='word_1_157' title='bbox 674 2323 844 2410; x_wconf 86' lang='lat' dir='ltr'><strong>conjuncta</strong></span> <span class='ocrx_word' id='word_1_158' title='bbox 865 2344 947 2400; x_wconf 90' lang='lat' dir='ltr'><strong>esse,</strong></span> <span class='ocrx_word' id='word_1_159' title='bbox 970 2335 1004 2388; x_wconf 92' lang='lat' dir='ltr'><strong>ut</strong></span> <span class='ocrx_word' id='word_1_160' title='bbox 1018 2323 1116 2389; x_wconf 88' lang='lat' dir='ltr'><strong>altera</strong></span> <span class='ocrx_word' id='word_1_161' title='bbox 1132 2322 1233 2388; x_wconf 90' lang='lat' dir='ltr'><strong>altero</strong></span> <span class='ocrx_word' id='word_1_162' title='bbox 1251 2330 1401 2407; x_wconf 87' lang='lat' dir='ltr'><strong>tempore</strong></span> 
     </span>
     <span class='ocr_line' id='line_1_21' title="bbox 287 2425 1400 2515; baseline -0.001 -22"><span class='ocrx_word' id='word_1_163' title='bbox 287 2427 468 2514; x_wconf 90' lang='lat' dir='ltr'><strong>composita</strong></span> <span class='ocrx_word' id='word_1_164' title='bbox 503 2449 575 2494; x_wconf 88' lang='lat' dir='ltr'><strong>esse</strong></span> <span class='ocrx_word' id='word_1_165' title='bbox 607 2427 682 2494; x_wconf 91' lang='lat' dir='ltr'><strong>mihi</strong></span> <span class='ocrx_word' id='word_1_166' title='bbox 713 2427 910 2515; x_wconf 88' lang='lat' dir='ltr'><strong>persuadere</strong></span> <span class='ocrx_word' id='word_1_167' title='bbox 944 2449 1009 2494; x_wconf 90' lang='lat' dir='ltr'><strong>non</strong></span> <span class='ocrx_word' id='word_1_168' title='bbox 1043 2427 1176 2514; x_wconf 92' lang='lat' dir='ltr'><strong>possim.</strong></span> <span class='ocrx_word' id='word_1_169' title='bbox 1230 2425 1310 2490; x_wconf 87' lang='lat' dir='ltr'><strong>Nam</strong></span> <span class='ocrx_word' id='word_1_170' title='bbox 1340 2425 1400 2510; x_wconf 74' lang='lat'><strong>§2</strong></span> 
     </span>
     <span class='ocr_line' id='line_1_22' title="bbox 286 2531 1400 2620; baseline -0.002 -22"><span class='ocrx_word' id='word_1_171' title='bbox 286 2531 428 2598; x_wconf 86' lang='lat' dir='ltr'><strong>continet</strong></span> <span class='ocrx_word' id='word_1_172' title='bbox 451 2531 698 2619; x_wconf 82' lang='lat' dir='ltr'><strong>explicationem</strong></span> <span class='ocrx_word' id='word_1_173' title='bbox 722 2553 836 2598; x_wconf 90' lang='lat' dir='ltr'><strong>eorum</strong></span> <span class='ocrx_word' id='word_1_174' title='bbox 859 2532 997 2620; x_wconf 89' lang='lat' dir='ltr'><strong>quaein</strong></span> <span class='ocrx_word' id='word_1_175' title='bbox 1021 2531 1038 2617; x_wconf 63' lang='grc' dir='ltr'>ξ</span> <span class='ocrx_word' id='word_1_176' title='bbox 1057 2541 1067 2598; x_wconf 90' lang='grc'>1</span> <span class='ocrx_word' id='word_1_177' title='bbox 1094 2532 1176 2599; x_wconf 88' lang='lat' dir='ltr'><strong>dicta</strong></span> <span class='ocrx_word' id='word_1_178' title='bbox 1198 2541 1283 2607; x_wconf 89' lang='lat' dir='ltr'><strong>sunt,</strong></span> <span class='ocrx_word' id='word_1_179' title='bbox 1305 2540 1337 2597; x_wconf 90' lang='lat' dir='ltr'><strong>et</strong></span> <span class='ocrx_word' id='word_1_180' title='bbox 1353 2531 1400 2596; x_wconf 91' lang='lat' dir='ltr'><strong>eis</strong></span> 
     </span>
     <span class='ocr_line' id='line_1_23' title="bbox 287 2636 1401 2723; baseline 0.002 -23"><span class='ocrx_word' id='word_1_181' title='bbox 287 2645 497 2722; x_wconf 85' lang='lat' dir='ltr'><strong>praeparatur</strong></span> <span class='ocrx_word' id='word_1_182' title='bbox 513 2655 595 2723; x_wconf 90' lang='lat' dir='ltr'><strong>quae</strong></span> <span class='ocrx_word' id='word_1_183' title='bbox 612 2646 686 2702; x_wconf 92' lang='lat' dir='ltr'><strong>sunt</strong></span> <span class='ocrx_word' id='word_1_184' title='bbox 701 2636 732 2700; x_wconf 92' lang='lat' dir='ltr'><strong>in</strong></span> <span class='ocrx_word' id='word_1_185' title='bbox 748 2636 765 2721; x_wconf 62' lang='grc' dir='ltr'>ᾗ</span> <span class='ocrx_word' id='word_1_186' title='bbox 784 2646 817 2703; x_wconf 83' lang='grc'><strong>1,;</strong></span> <span class='ocrx_word' id='word_1_187' title='bbox 840 2637 1014 2718; x_wconf 70' lang='grc' dir='ltr'><em>παθήματά</em></span> <span class='ocrx_word' id='word_1_188' title='bbox 1031 2660 1064 2701; x_wconf 83' lang='grc' dir='ltr'><strong>τε</strong></span> <span class='ocrx_word' id='word_1_189' title='bbox 1078 2640 1244 2718; x_wconf 79' lang='grc' dir='ltr'><strong><em>ξυνηνέχθη</em></strong></span> <span class='ocrx_word' id='word_1_190' title='bbox 1259 2643 1401 2717; x_wconf 73' lang='grc' dir='ltr'><strong><em>γενέσθαι</em></strong></span> 
     </span>
     <span class='ocr_line' id='line_1_24' title="bbox 285 2736 1400 2830; baseline 0.004 -26"><span class='ocrx_word' id='word_1_191' title='bbox 285 2741 318 2806; x_wconf 78' lang='grc' dir='ltr'><strong>ἐν</strong></span> <span class='ocrx_word' id='word_1_192' title='bbox 345 2739 427 2823; x_wconf 71' lang='grc' dir='ltr'><strong>αὐτῷ</strong></span> <span class='ocrx_word' id='word_1_193' title='bbox 455 2740 492 2821; x_wconf 81' lang='grc' dir='ltr'><strong>τῇ</strong></span> <span class='ocrx_word' id='word_1_194' title='bbox 513 2736 630 2805; x_wconf 70' lang='lat' dir='ltr'><strong>‘suda</strong></span> <span class='ocrx_word' id='word_1_195' title='bbox 656 2738 707 2804; x_wconf 81' lang='grc' dir='ltr'><strong>οἷα</strong></span> <span class='ocrx_word' id='word_1_196' title='bbox 735 2739 792 2818; x_wconf 70' lang='grc' dir='ltr'><strong>οὐχ</strong></span> <span class='ocrx_word' id='word_1_197' title='bbox 820 2745 910 2822; x_wconf 71' lang='grc' dir='ltr'><strong><em>ἕτερον</em></strong></span> <span class='ocrx_word' id='word_1_198' title='bbox 938 2747 971 2808; x_wconf 71' lang='grc' dir='ltr'><strong>ἔν</strong></span> <span class='ocrx_word' id='word_1_199' title='bbox 995 2743 1052 2825; x_wconf 81' lang='grc' dir='ltr'><strong>ἴσῳ</strong></span> <span class='ocrx_word' id='word_1_200' title='bbox 1080 2740 1189 2825; x_wconf 82' lang='grc' dir='ltr'><strong><em>χρόνῳ.</em></strong></span> <span class='ocrx_word' id='word_1_201' title='bbox 1239 2743 1351 2830; x_wconf 88' lang='lat' dir='ltr'><strong>ltaque</strong></span> <span class='ocrx_word' id='word_1_202' title='bbox 1373 2743 1400 2809; x_wconf 88' lang='lat' dir='ltr'><strong>si</strong></span> 
     </span>
     <span class='ocr_line' id='line_1_25' title="bbox 285 2845 1399 2936; baseline 0 -24"><span class='ocrx_word' id='word_1_203' title='bbox 285 2863 499 2934; x_wconf 88' lang='lat' dir='ltr'><strong>sequeremur</strong></span> <span class='ocrx_word' id='word_1_204' title='bbox 527 2845 738 2923; x_wconf 89' lang='lat' dir='ltr'><strong>Schoenium,</strong></span> <span class='ocrx_word' id='word_1_205' title='bbox 771 2847 952 2934; x_wconf 88' lang='lat' dir='ltr'><strong>putandum</strong></span> <span class='ocrx_word' id='word_1_206' title='bbox 985 2857 1072 2915; x_wconf 90' lang='lat' dir='ltr'><strong>esset</strong></span> <span class='ocrx_word' id='word_1_207' title='bbox 1105 2845 1327 2936; x_wconf 84' lang='lat' dir='ltr'><strong>Thucydidem</strong></span> <span class='ocrx_word' id='word_1_208' title='bbox 1360 2868 1399 2914; x_wconf 89' lang='lat' dir='ltr'><strong>ea</strong></span> 
     </span>
     <span class='ocr_line' id='line_1_26' title="bbox 285 2937 1399 3040; baseline -0.001 -23"><span class='ocrx_word' id='word_1_209' title='bbox 285 2971 368 3039; x_wconf 89' lang='lat' dir='ltr'><strong>quae</strong></span> <span class='ocrx_word' id='word_1_210' title='bbox 391 2951 422 3017; x_wconf 93' lang='lat' dir='ltr'><strong>in</strong></span> <span class='ocrx_word' id='word_1_211' title='bbox 445 2937 555 3037; x_wconf 81' lang='lat' dir='ltr'><strong>§lde</strong></span> <span class='ocrx_word' id='word_1_212' title='bbox 576 2951 684 3040; x_wconf 90' lang='lat' dir='ltr'><strong>priore</strong></span> <span class='ocrx_word' id='word_1_213' title='bbox 707 2950 795 3018; x_wconf 90' lang='lat' dir='ltr'><strong>bello</strong></span> <span class='ocrx_word' id='word_1_214' title='bbox 818 2954 846 3016; x_wconf 92' lang='lat' dir='ltr'>X</span> <span class='ocrx_word' id='word_1_215' title='bbox 868 2973 1028 3018; x_wconf 91' lang='lat' dir='ltr'><strong>annorum</strong></span> <span class='ocrx_word' id='word_1_216' title='bbox 1050 2952 1093 3017; x_wconf 89' lang='lat' dir='ltr'><strong>ita</strong></span> <span class='ocrx_word' id='word_1_217' title='bbox 1115 2951 1258 3030; x_wconf 84' lang='lat' dir='ltr'><strong>dixisset,</strong></span> <span class='ocrx_word' id='word_1_218' title='bbox 1281 2966 1317 3018; x_wconf 92' lang='lat' dir='ltr'><strong>ut</strong></span> <span class='ocrx_word' id='word_1_219' title='bbox 1339 2952 1399 3019; x_wconf 86' lang='lat' dir='ltr'><strong>nisi</strong></span> 
     </span>
     <span class='ocr_line' id='line_1_27' title="bbox 285 3055 1398 3145; baseline 0.002 -24"><span class='ocrx_word' id='word_1_220' title='bbox 285 3056 325 3122; x_wconf 92' lang='lat' dir='ltr'><strong>de</strong></span> <span class='ocrx_word' id='word_1_221' title='bbox 348 3056 411 3124; x_wconf 92' lang='lat' dir='ltr'><strong>hoc</strong></span> <span class='ocrx_word' id='word_1_222' title='bbox 434 3055 495 3123; x_wconf 91' lang='lat' dir='ltr'><strong>dici</strong></span> <span class='ocrx_word' id='word_1_223' title='bbox 517 3079 583 3123; x_wconf 92' lang='lat' dir='ltr'><strong>non</strong></span> <span class='ocrx_word' id='word_1_224' title='bbox 606 3068 751 3144; x_wconf 90' lang='lat' dir='ltr'><strong>possent,</strong></span> <span class='ocrx_word' id='word_1_225' title='bbox 774 3057 820 3124; x_wconf 91' lang='lat' dir='ltr'><strong>eis</strong></span> <span class='ocrx_word' id='word_1_226' title='bbox 843 3056 1063 3144; x_wconf 86' lang='lat' dir='ltr'><strong>explicavisse,</strong></span> <span class='ocrx_word' id='word_1_227' title='bbox 1087 3077 1172 3145; x_wconf 83' lang='lat' dir='ltr'><strong>quae</strong></span> <span class='ocrx_word' id='word_1_228' title='bbox 1195 3056 1254 3123; x_wconf 87' lang='lat' dir='ltr'><strong>nisi</strong></span> <span class='ocrx_word' id='word_1_229' title='bbox 1271 3056 1311 3123; x_wconf 91' lang='lat' dir='ltr'><strong>de</strong></span> <span class='ocrx_word' id='word_1_230' title='bbox 1328 3067 1398 3124; x_wconf 87' lang='lat' dir='ltr'><strong>toto</strong></span> 
     </span>
     <span class='ocr_line' id='line_1_28' title="bbox 284 3159 1399 3249; baseline 0.003 -23"><span class='ocrx_word' id='word_1_231' title='bbox 284 3159 371 3228; x_wconf 87' lang='lat' dir='ltr'><strong>bello</strong></span> <span class='ocrx_word' id='word_1_232' title='bbox 393 3163 503 3229; x_wconf 86' lang='lat' dir='ltr'><strong>XXVll</strong></span> <span class='ocrx_word' id='word_1_233' title='bbox 525 3183 682 3229; x_wconf 88' lang='lat' dir='ltr'><strong>annorum</strong></span> <span class='ocrx_word' id='word_1_234' title='bbox 708 3164 748 3229; x_wconf 93' lang='lat' dir='ltr'><strong>de</strong></span> <span class='ocrx_word' id='word_1_235' title='bbox 770 3162 859 3228; x_wconf 90' lang='lat' dir='ltr'><strong>nullo</strong></span> <span class='ocrx_word' id='word_1_236' title='bbox 883 3162 943 3230; x_wconf 90' lang='lat' dir='ltr'><strong>dici</strong></span> <span class='ocrx_word' id='word_1_237' title='bbox 967 3172 1111 3249; x_wconf 92' lang='lat' dir='ltr'><strong>possent.</strong></span> <span class='ocrx_word' id='word_1_238' title='bbox 1164 3162 1220 3228; x_wconf 85' lang='lat' dir='ltr'><strong>Cui</strong></span> <span class='ocrx_word' id='word_1_239' title='bbox 1248 3161 1295 3228; x_wconf 91' lang='lat' dir='ltr'><strong>rei</strong></span> <span class='ocrx_word' id='word_1_240' title='bbox 1324 3183 1399 3229; x_wconf 89' lang='lat' dir='ltr'><strong>cum</strong></span> 
     </span>
     <span class='ocr_line' id='line_1_29' title="bbox 284 3267 1398 3358; baseline 0.003 -24"><span class='ocrx_word' id='word_1_241' title='bbox 284 3287 382 3358; x_wconf 82' lang='lat' dir='ltr'><strong>nemo</strong></span> <span class='ocrx_word' id='word_1_242' title='bbox 404 3267 551 3334; x_wconf 87' lang='lat' dir='ltr'><strong>assentiri</strong></span> <span class='ocrx_word' id='word_1_243' title='bbox 574 3268 693 3355; x_wconf 91' lang='lat' dir='ltr'><strong>possit,</strong></span> <span class='ocrx_word' id='word_1_244' title='bbox 720 3267 899 3355; x_wconf 90' lang='lat' dir='ltr'><strong>putandum</strong></span> <span class='ocrx_word' id='word_1_245' title='bbox 924 3278 973 3334; x_wconf 94' lang='lat' dir='ltr'><strong>est</strong></span> <span class='ocrx_word' id='word_1_246' title='bbox 996 3288 1034 3334; x_wconf 92' lang='lat' dir='ltr'><strong>ea</strong></span> <span class='ocrx_word' id='word_1_247' title='bbox 1058 3288 1142 3356; x_wconf 88' lang='lat' dir='ltr'><strong>quae</strong></span> <span class='ocrx_word' id='word_1_248' title='bbox 1166 3267 1281 3354; x_wconf 78' lang='lat' dir='ltr'><strong>sunt§</strong></span> <span class='ocrx_word' id='word_1_249' title='bbox 1308 3277 1398 3346; x_wconf 82' lang='grc'>1-3,</span> 
     </span>
     <span class='ocr_line' id='line_1_30' title="bbox 284 3370 1397 3460; baseline 0.004 -25"><span class='ocrx_word' id='word_1_250' title='bbox 284 3391 350 3436; x_wconf 93' lang='lat' dir='ltr'><strong>uno</strong></span> <span class='ocrx_word' id='word_1_251' title='bbox 374 3381 522 3458; x_wconf 88' lang='lat' dir='ltr'><strong>tempore</strong></span> <span class='ocrx_word' id='word_1_252' title='bbox 538 3373 716 3460; x_wconf 86' lang='lat' dir='ltr'><strong>composite</strong></span> <span class='ocrx_word' id='word_1_253' title='bbox 734 3393 817 3439; x_wconf 85' lang='lat' dir='ltr'><strong>esse.</strong></span> <span class='ocrx_word' id='word_1_254' title='bbox 854 3373 902 3438; x_wconf 92' lang='lat' dir='ltr'><strong>Ne</strong></span> <span class='ocrx_word' id='word_1_255' title='bbox 917 3383 994 3438; x_wconf 80' lang='lat' dir='ltr'><strong>vero&#39;</strong></span> <span class='ocrx_word' id='word_1_256' title='bbox 1010 3392 1084 3439; x_wconf 91' lang='lat' dir='ltr'><strong>cum</strong></span> <span class='ocrx_word' id='word_1_257' title='bbox 1100 3370 1214 3439; x_wconf 89' lang='lat' dir='ltr'><strong>Ullrico</strong></span> <span class='ocrx_word' id='word_1_258' title='bbox 1231 3372 1272 3438; x_wconf 96' lang='lat' dir='ltr'><strong>de</strong></span> <span class='ocrx_word' id='word_1_259' title='bbox 1289 3374 1397 3460; x_wconf 90' lang='lat' dir='ltr'><strong>priore</strong></span> 
     </span>
     <span class='ocr_line' id='line_1_31' title="bbox 283 3474 1297 3565; baseline 0.001 -25"><span class='ocrx_word' id='word_1_260' title='bbox 283 3474 357 3541; x_wconf 89' lang='lat' dir='ltr'><strong>belli</strong></span> <span class='ocrx_word' id='word_1_261' title='bbox 380 3487 471 3564; x_wconf 88' lang='lat' dir='ltr'><strong>parte</strong></span> <span class='ocrx_word' id='word_1_262' title='bbox 493 3477 573 3545; x_wconf 87' lang='lat' dir='ltr'><strong>baec</strong></span> <span class='ocrx_word' id='word_1_263' title='bbox 595 3477 678 3545; x_wconf 90' lang='lat' dir='ltr'><strong>diota</strong></span> <span class='ocrx_word' id='word_1_264' title='bbox 700 3499 774 3544; x_wconf 91' lang='lat' dir='ltr'><strong>esse</strong></span> <span class='ocrx_word' id='word_1_265' title='bbox 797 3487 907 3565; x_wconf 90' lang='lat' dir='ltr'><strong>putem</strong></span> <span class='ocrx_word' id='word_1_266' title='bbox 929 3477 978 3544; x_wconf 92' lang='lat' dir='ltr'><strong>his</strong></span> <span class='ocrx_word' id='word_1_267' title='bbox 1000 3475 1161 3564; x_wconf 87' lang='lat' dir='ltr'><strong>impedior</strong></span> <span class='ocrx_word' id='word_1_268' title='bbox 1183 3478 1297 3544; x_wconf 88' lang='lat' dir='ltr'><strong>causis.</strong></span> 
     </span>
    </p>

    <p class='ocr_par' dir='ltr' id='par_1_5' title="bbox 281 3581 1397 4197">
     <span class='ocr_line' id='line_1_32' title="bbox 368 3581 1397 3671; baseline 0 -24"><span class='ocrx_word' id='word_1_269' title='bbox 368 3581 509 3648; x_wconf 89' lang='lat' dir='ltr'><strong>Primum</strong></span> <span class='ocrx_word' id='word_1_270' title='bbox 540 3604 607 3649; x_wconf 92' lang='lat' dir='ltr'><strong>non</strong></span> <span class='ocrx_word' id='word_1_271' title='bbox 637 3582 751 3657; x_wconf 84' lang='lat' dir='ltr'><strong>video,</strong></span> <span class='ocrx_word' id='word_1_272' title='bbox 784 3603 867 3671; x_wconf 86' lang='lat' dir='ltr'><strong>quae</strong></span> <span class='ocrx_word' id='word_1_273' title='bbox 891 3582 931 3649; x_wconf 92' lang='lat' dir='ltr'><strong>sit</strong></span> <span class='ocrx_word' id='word_1_274' title='bbox 953 3583 1006 3649; x_wconf 84' lang='lat' dir='ltr'><strong>illa</strong></span> <span class='ocrx_word' id='word_1_275' title='bbox 1028 3581 1131 3650; x_wconf 88' lang='lat' dir='ltr'><strong>cautio</strong></span> <span class='ocrx_word' id='word_1_276' title='bbox 1155 3602 1217 3666; x_wconf 84' lang='lat' dir='ltr'><strong>qua</strong></span> <span class='ocrx_word' id='word_1_277' title='bbox 1239 3583 1397 3649; x_wconf 87' lang='lat' dir='ltr'><strong>Ullriciani</strong></span> 
     </span>
     <span class='ocr_line' id='line_1_33' title="bbox 282 3685 1396 3776; baseline -0.001 -23"><span class='ocrx_word' id='word_1_278' title='bbox 282 3698 396 3776; x_wconf 89' lang='lat' dir='ltr'><strong>putant</strong></span> <span class='ocrx_word' id='word_1_279' title='bbox 422 3687 614 3775; x_wconf 87' lang='lat' dir='ltr'><strong>scriptorem</strong></span> <span class='ocrx_word' id='word_1_280' title='bbox 644 3686 676 3752; x_wconf 92' lang='lat' dir='ltr'><strong>in</strong></span> <span class='ocrx_word' id='word_1_281' title='bbox 703 3685 791 3753; x_wconf 91' lang='lat' dir='ltr'><strong>bello</strong></span> <span class='ocrx_word' id='word_1_282' title='bbox 820 3687 950 3754; x_wconf 89' lang='lat' dir='ltr'><strong>Persico</strong></span> <span class='ocrx_word' id='word_1_283' title='bbox 983 3687 1270 3754; x_wconf 87' lang='lat' dir='ltr'><strong>commemorando</strong></span> <span class='ocrx_word' id='word_1_284' title='bbox 1301 3709 1396 3753; x_wconf 90' lang='lat' dir='ltr'><strong>usum</strong></span> 
     </span>
     <span class='ocr_line' id='line_1_34' title="bbox 282 3790 1397 3880; baseline -0.003 -21"><span class='ocrx_word' id='word_1_285' title='bbox 282 3813 365 3859; x_wconf 91' lang='lat' dir='ltr'><strong>esse.</strong></span> <span class='ocrx_word' id='word_1_286' title='bbox 400 3791 485 3872; x_wconf 85' lang='lat' dir='ltr'><strong>Quid</strong></span> <span class='ocrx_word' id='word_1_287' title='bbox 507 3790 602 3880; x_wconf 83' lang='lat' dir='ltr'><strong>igitur</strong></span> <span class='ocrx_word' id='word_1_288' title='bbox 622 3791 707 3857; x_wconf 90' lang='lat' dir='ltr'><strong>aliud</strong></span> <span class='ocrx_word' id='word_1_289' title='bbox 730 3792 761 3858; x_wconf 93' lang='lat' dir='ltr'><strong>hi</strong></span> <span class='ocrx_word' id='word_1_290' title='bbox 784 3803 898 3879; x_wconf 87' lang='lat' dir='ltr'><strong>putant</strong></span> <span class='ocrx_word' id='word_1_291' title='bbox 921 3814 996 3859; x_wconf 90' lang='lat' dir='ltr'><strong>eum</strong></span> <span class='ocrx_word' id='word_1_292' title='bbox 1018 3793 1059 3858; x_wconf 92' lang='lat' dir='ltr'><strong>de</strong></span> <span class='ocrx_word' id='word_1_293' title='bbox 1082 3791 1168 3858; x_wconf 91' lang='lat' dir='ltr'><strong>bello</strong></span> <span class='ocrx_word' id='word_1_294' title='bbox 1185 3792 1314 3859; x_wconf 89' lang='lat' dir='ltr'><strong>Persico</strong></span> <span class='ocrx_word' id='word_1_295' title='bbox 1331 3791 1397 3857; x_wconf 89' lang='lat' dir='ltr'><strong>dic—</strong></span> 
     </span>
     <span class='ocr_line' id='line_1_35' title="bbox 281 3894 1396 3974; baseline -0.002 -12"><span class='ocrx_word' id='word_1_296' title='bbox 281 3907 388 3964; x_wconf 92' lang='lat' dir='ltr'><strong>turum</strong></span> <span class='ocrx_word' id='word_1_297' title='bbox 411 3897 519 3974; x_wconf 88' lang='lat' dir='ltr'><strong>luisse,</strong></span> <span class='ocrx_word' id='word_1_298' title='bbox 543 3896 568 3964; x_wconf 94' lang='lat' dir='ltr'><strong>si</strong></span> <span class='ocrx_word' id='word_1_299' title='bbox 591 3916 665 3962; x_wconf 75' lang='lat' dir='ltr'><strong>ctam</strong></span> <span class='ocrx_word' id='word_1_300' title='bbox 679 3894 767 3963; x_wconf 92' lang='lat' dir='ltr'><strong>bello</strong></span> <span class='ocrx_word' id='word_1_301' title='bbox 783 3898 891 3964; x_wconf 86' lang='lat' dir='ltr'><strong>XXVll</strong></span> <span class='ocrx_word' id='word_1_302' title='bbox 907 3919 987 3964; x_wconf 93' lang='lat' dir='ltr'><strong>non</strong></span> <span class='ocrx_word' id='word_1_303' title='bbox 1003 3897 1116 3965; x_wconf 88' lang='lat' dir='ltr'><strong>decem</strong></span> <span class='ocrx_word' id='word_1_304' title='bbox 1132 3917 1292 3964; x_wconf 90' lang='lat' dir='ltr'><strong>annorum</strong></span> <span class='ocrx_word' id='word_1_305' title='bbox 1308 3915 1396 3962; x_wconf 91' lang='lat' dir='ltr'><strong>oom-</strong></span> 
     </span>
     <span class='ocr_line' id='line_1_36' title="bbox 281 3999 1393 4090; baseline -0.002 -22"><span class='ocrx_word' id='word_1_306' title='bbox 281 4013 436 4090; x_wconf 89' lang='lat' dir='ltr'><strong>parasset,</strong></span> <span class='ocrx_word' id='word_1_307' title='bbox 458 4023 496 4069; x_wconf 90' lang='lat' dir='ltr'><strong>ac</strong></span> <span class='ocrx_word' id='word_1_308' title='bbox 511 4000 613 4069; x_wconf 82' lang='lat' dir='ltr'><strong>celeri</strong></span> <span class='ocrx_word' id='word_1_309' title='bbox 637 3999 818 4070; x_wconf 88' lang='lat' dir='ltr'><strong>discrimine</strong></span> <span class='ocrx_word' id='word_1_310' title='bbox 836 4003 867 4070; x_wconf 93' lang='lat' dir='ltr'><strong>id</strong></span> <span class='ocrx_word' id='word_1_311' title='bbox 883 4003 992 4070; x_wconf 86' lang='lat' dir='ltr'><strong>luisse.</strong></span> <span class='ocrx_word' id='word_1_312' title='bbox 1025 4005 1108 4069; x_wconf 89' lang='lat' dir='ltr'><strong>Num</strong></span> <span class='ocrx_word' id='word_1_313' title='bbox 1125 4011 1239 4090; x_wconf 89' lang='lat' dir='ltr'><strong>putant</strong></span> <span class='ocrx_word' id='word_1_314' title='bbox 1254 4022 1393 4089; x_wconf 91' lang='lat' dir='ltr'><strong>aequum</strong></span> 
     </span>
     <span class='ocr_line' id='line_1_37' title="bbox 281 4105 1396 4197; baseline -0.001 -25"><span class='ocrx_word' id='word_1_315' title='bbox 281 4105 381 4176; x_wconf 89' lang='lat' dir='ltr'><strong>luisse</strong></span> <span class='ocrx_word' id='word_1_316' title='bbox 404 4129 478 4174; x_wconf 91' lang='lat' dir='ltr'><strong>eum</strong></span> <span class='ocrx_word' id='word_1_317' title='bbox 501 4107 597 4196; x_wconf 91' lang='lat' dir='ltr'><strong>hujus</strong></span> <span class='ocrx_word' id='word_1_318' title='bbox 619 4107 871 4196; x_wconf 83' lang='lat' dir='ltr'><strong>magnitudinem</strong></span> <span class='ocrx_word' id='word_1_319' title='bbox 894 4108 1040 4197; x_wconf 88' lang='lat' dir='ltr'><strong>pluribus</strong></span> <span class='ocrx_word' id='word_1_320' title='bbox 1063 4128 1246 4193; x_wconf 89' lang='lat' dir='ltr'><strong>exponere,</strong></span> <span class='ocrx_word' id='word_1_321' title='bbox 1277 4117 1311 4172; x_wconf 92' lang='lat' dir='ltr'><strong>ut</strong></span> <span class='ocrx_word' id='word_1_322' title='bbox 1339 4106 1396 4172; x_wconf 92' lang='lat' dir='ltr'><strong>de·</strong></span> 
     </span>
    </p>
   </div>
   <div class='ocr_carea' id='block_1_3' title="bbox 0 0 1636 4752">
    <p class='ocr_par' dir='ltr' id='par_1_6' title="bbox 0 0 1636 4752">
     <span class='ocr_line' id='line_1_38' title="bbox 0 0 1636 4752; baseline 0 4"><span class='ocrx_word' id='word_1_323' title='bbox 0 0 1636 4752; x_wconf 95' lang='lat' dir='ltr'><strong> </strong></span> 
     </span>
    </p>
   </div>
  </div>
 </body>
</html>
