3262 4752
747 227 1068 306 -34-'

292 418 365 486 loco
388 417 440 484 Vll
455 427 505 497 56,
526 427 545 486 4
572 417 598 485 si
614 417 810 508 Thucydidis
833 418 931 486 verba
954 419 995 486 de
1017 419 1104 486 bello
1128 418 1218 510 quod
1243 443 1347 511 usque
1370 443 1412 489 eo

298 535 425 613 gestum
449 536 525 602 erat,
549 523 633 590 diota
655 533 774 600 esseut,
797 523 954 612 ineptiora
977 538 1096 603 essent,
1118 546 1216 616 quam
1235 537 1270 592 ut
1286 527 1327 593 de
1343 538 1414 593 toto

299 627 388 696 bello
411 629 598 718 intellegere
624 648 689 694 non
712 627 833 695 malles,
1126 651 1128 654 ·

385 735 464 803 Cum
494 735 590 822 igitur
612 732 660 800 his
683 731 832 802 omnibus
855 734 933 802 locis
956 745 1083 802 constet
1105 734 1325 826 Thucydidem
1348 735 1416 802 lor-

200 917 202 924 ’
300 841 387 907 mula
409 839 458 907 dds
479 836 495 904 ὅ
515 841 580 904 adt.
603 849 707 904 totum
729 836 851 906 bellum
874 838 1084 930 significasse,
1114 862 1180 907 uuo
1203 841 1330 908 videtur
1351 841 1416 908 hoo

299 944 411 1011 refelli.
454 944 521 1011 Lib.
545 944 631 1027 enim
653 945 691 1010 Vl
716 951 762 1022 17,
785 953 803 1012 5
826 955 901 1012 sunt
923 945 1017 1013 haec:
1048 946 1124 1011 aaa
1144 952 1283 1027 μέγιστον
1303 949 1340 1030 δή
1361 945 1416 1016 cai-

296 1053 367 1121 wdc
380 1031 694 1136 dpeocpdvnai‘lllitde
706 1049 788 1130 μόλις
803 1049 833 1114 ἕν
847 1049 923 1134 cpida
938 1051 981 1134 cpi
994 1057 1115 1134 πολέμῳ
1138 1051 1245 1121 ἱκανῶς
1265 1047 1415 1134 dodoau.
1459 1074 1462 1078 ·

298 1155 385 1222 Haec
406 1154 501 1245 igitur
523 1165 598 1222 sunt
622 1154 720 1221 verba
739 1153 906 1222 Alcibiadis
931 1149 1015 1244 quae*
1035 1154 1110 1222 fecit
1131 1176 1217 1223 anno
1240 1157 1307 1222 XVI
1328 1155 1415 1234 belli,

300 1282 374 1328 cum
396 1260 607 1328 Athenienses
628 1260 863 1338 adhortaretur,
885 1275 920 1326 ut
942 1260 1079 1328 classem
1101 1261 1133 1326 iu
1151 1261 1288 1328 Siciliam
1310 1263 1415 1330 mitte·
1489 1306 1491 1312 «

300 1377 381 1432 rent.
433 1366 501 1432 Hoc
522 1365 596 1432 loco
619 1375 724 1431 totum
745 1365 866 1432 bellum
889 1367 998 1431 XXVII
1020 1387 1181 1432 annorum
1202 1365 1415 1454 significatum

300 1492 373 1538 esse
396 1492 462 1537 uon
485 1491 585 1559 posse
600 1480 743 1557 apparet.
777 1472 821 1538 Ac
837 1492 876 1537 ne
892 1470 955 1537 hoc
971 1470 1102 1558 quidem
1119 1472 1289 1560 quisquam
1307 1472 1414 1539 dicere

298 1587 416 1663 potest.
455 1574 675 1664 Thucydidem
697 1575 853 1642 hocloco
877 1596 895 1641 a
917 1574 1098 1642 discrimine
1121 1577 1211 1665 quod
1234 1576 1310 1644 alias
1332 1577 1416 1644 inter

298 1676 399 1746 ὅπόλ.
422 1677 471 1746 dte
493 1690 526 1746 et
547 1675 596 1744 dte
616 1677 633 1742 ὁ
652 1681 718 1744 nit,
740 1679 871 1764 lecerit,
895 1679 1098 1757 discessisse,
1121 1701 1194 1748 oum
1216 1680 1413 1748 Alcibiadem

298 1785 488 1875 loquentem
511 1784 630 1851 lecerit.
664 1785 697 1850 Si
719 1806 797 1851 vero
820 1783 990 1851 nobiscum
1013 1795 1200 1872 reputamus
1217 1785 1414 1852 Alcibiadem

298 1888 379 1955 haec
400 1888 498 1956 verba
521 1888 647 1966 fecisse,
669 1909 743 1956 oum
760 1890 850 1976 prius
866 1887 987 1956 bellum
1003 1910 1083 1977 pace
1099 1890 1205 1956 Niciae
1220 1891 1415 1966 conlectum,

298 2014 420 2059 novum
443 1993 587 2058 noudum
605 2004 713 2059 ortum
728 2004 823 2070 esset,
847 2004 1103 2061 consentaneum
1120 2006 1169 2062 est
1185 2005 1297 2083 putare
1313 1995 1414 2082 scrip-

253 2186 256 2192 Ι
298 2109 404 2165 torem
424 2108 600 2186 propterea
616 2097 811 2165 Alcibiadem
831 2097 1003 2164 formulam
1017 2101 1100 2165 τόνὸε
1113 2103 1166 2164 τὸν
1177 2099 1305 2180 πόλεμον
1322 2123 1413 2168 usur-

297 2216 429 2292 pantem
458 2203 591 2282 iecisse,
621 2205 712 2295 quod
743 2202 862 2270 bellum
892 2204 981 2292 quod
1012 2214 1079 2271 tum
1109 2205 1268 2292 respexit,
1299 2226 1414 2271 revera

298 2321 403 2377 totum
425 2309 556 2400 aliquod
580 2309 642 2376 hoc
665 2319 714 2376 est
736 2310 920 2377 conlectum
943 2320 1019 2376 erat.
1056 2312 1163 2400 Atque
1180 2309 1259 2376 haec
1274 2310 1299 2376 si
1316 2330 1412 2378 causa

298 2415 372 2492 luit,
401 2415 452 2482 hic
479 2416 571 2481 locus
595 2436 660 2481 nou
685 2427 845 2503 repugnat
867 2415 912 2481 eis
936 2435 1021 2503 quae
1044 2436 1142 2502 supra
1165 2414 1206 2481 de
1230 2414 1412 2482 discrimine

298 2521 388 2610 quod
418 2520 459 2586 sit
488 2520 572 2586 inter
593 2518 643 2584 aas
663 2515 680 2582 ὅ
699 2520 765 2584 no't.
789 2529 822 2584 et
843 2518 859 2583 ὃ
879 2520 944 2585 πάλ.
967 2518 1032 2600 ὅδε,
1064 2518 1201 2585 diximus
1232 2517 1411 2607 significare

296 2621 344 2690 doe
366 2620 382 2688 d
402 2623 467 2692 adt.
496 2634 600 2690 tutum
628 2622 767 2699 bellum,
797 2619 898 2687 inda.
920 2621 970 2688 ὅδε
991 2622 1067 2690 belli
1090 2624 1255 2713 quandam
1276 2633 1411 2709 partem.

297 2729 360 2794 Per
388 2748 425 2794 se
455 2739 563 2795 autem
592 2737 681 2816 patet
709 2737 811 2794 totum
841 2726 962 2794 bellum
993 2727 1019 2795 si
1047 2728 1112 2795 suis
1144 2727 1250 2796 verbis
1272 2726 1412 2813 scriptor

296 2832 387 2911 dicat,
409 2854 483 2900 esse
505 2833 547 2910 id,
570 2833 660 2922 quod
682 2832 858 2919 scripturus
880 2833 984 2912 luerit,
1006 2832 1033 2900 si
1053 2833 1133 2900 alios
1150 2834 1292 2900 diceutes
1308 2831 1412 2907 iaciat,

296 2960 369 3010 esse
392 2938 423 3006 id
448 2937 539 3026 quod
562 2938 604 3004 illi
628 2948 693 3005 tum
714 2939 787 3026 jure
811 2959 870 3025 pro
894 2947 962 3003 toto
984 2935 1165 3005 habuerint.

379 3045 416 3110 ut
432 3044 584 3134 quoniam
601 3043 638 3111 iis
655 3042 810 3130 exemplis
828 3063 911 3132 quae
927 3042 1129 3130 protulimus,
1144 3043 1221 3110 satis
1239 3041 1408 3109 docuimus

295 3149 486 3237 scriptorem
513 3148 748 3216 accuratissime
772 3147 957 3214 discernere
979 3143 995 3213 ὃ
1016 3149 1080 3215 adt.
1104 3147 1153 3215 dds
1175 3160 1207 3216 et
1227 3145 1278 3212 dte
1300 3142 1316 3210 ὃ
1336 3147 1410 3224 uda,

297 3274 383 3321 nunc
398 3253 621 3343 quaerendum
637 3262 696 3329 est,
713 3274 790 3317 num
805 3252 868 3318 hoc
884 3253 1054 3321 discrimen
1070 3275 1141 3321 oum
1154 3252 1277 3319 ratione
1290 3251 1410 3317 lactum

294 3355 343 3421 sit.
375 3357 456 3422 Nam
479 3357 538 3424 nisi
560 3357 642 3428 bauo
656 3357 687 3423 in
704 3377 744 3424 eo
761 3357 868 3424 inesse
885 3358 1099 3437 docuerimus
1123 3358 1282 3426 sententia
1299 3366 1410 3424 nostra

295 3481 361 3527 uon
395 3461 500 3529 minus
533 3461 707 3549 rejicienda
736 3462 796 3528 erit
825 3484 923 3552 quam
950 3462 1078 3531 Herbsti
1108 3463 1282 3540 sententia,
1317 3461 1409 3547 cujus

294 3565 412 3632 nullam
435 3588 509 3635 esse
531 3567 690 3634 rationem
712 3586 810 3654 supra
826 3566 1126 3635 demonstravimus.
1157 3568 1299 3652 Primum
1314 3566 1408 3655 igitur

293 3669 320 3738 si
349 3691 532 3758 pronomen
561 3683 635 3739 aute
657 3671 893 3740 substantivum
915 3674 1059 3760 ponitur,
1090 3673 1217 3741 videtur
1238 3669 1409 3762 significari

290 3775 325 3840 id
354 3775 445 3866 quod
472 3785 644 3865 sequatur,
672 3777 920 3846 discernendum
952 3800 1025 3846 esse
1047 3777 1088 3844 ab
1111 3779 1157 3846 eis
1181 3798 1264 3868 quae
1287 3777 1406 3846 eodem

289 3879 449 3946 vocabulo
478 3879 647 3971 significari
676 3882 817 3960 soleant,
844 3882 911 3949 sive
934 3903 953 3948 a
974 3882 1073 3950 rebus
1096 3883 1242 3970 ejusdem
1266 3881 1403 3972 generis.

289 3983 322 4048 Si
343 3985 438 4073 igitur
459 4008 644 4073 pronomen
665 3983 714 4053 iios
735 3987 767 4053 iu
790 3988 897 4072 priore
921 3989 993 4055 loco
1011 3988 1150 4077 ponitur,
1173 3987 1294 4057 bellum
1311 3987 1406 4054 Pelo-

288 4089 522 4177 ponnesiacum
556 4092 747 4162 discernitur
778 4092 819 4160 ab
852 4094 931 4162 aliis.
985 4093 1040 4160 Siu
1069 4105 1177 4164 autem
1206 4116 1275 4162 ram
1307 4113 1404 4160 unam
