3262 4752
681 231 939 346 'azso-⁸

227 429 438 501 discernimus
468 448 486 496 a
517 427 663 520 reliquis,
692 427 773 496 hano
800 438 900 496 totam
923 425 1060 497 discerni
1083 413 1338 523 consentaneum
1396 504 1397 507 ,

228 552 286 618 est,
309 551 407 628 atque
430 538 472 603 ita
495 537 621 603 videtur
643 537 760 603 sactum
785 557 867 612 esse,
891 545 925 601 ut
941 535 1004 602 hoc
1019 535 1132 602 ordine
1148 537 1341 605 verborum:

228 644 277 709 ὅδε
298 643 315 707 ὁ
336 642 402 707 πόλ.
426 653 529 708 totum
551 641 672 709 bellum
694 639 934 729 significaretur.

315 749 369 814 Sin
393 757 501 814 autem
521 767 703 835 pronomen
719 743 769 810 ὅδε
784 757 860 834 post
875 745 1110 814 substantivum
1126 747 1267 836 positum
1280 759 1343 823 est,

230 875 302 920 eam
324 851 421 918 habet
442 853 515 928 vim,
536 863 573 940 ut
594 873 663 918 rom
687 872 770 939 quae
793 849 994 918 substantivo
1015 852 1069 918 illo
1086 851 1288 941 significatur,
1310 855 1343 921 in

230 957 419 1026 memoriam
440 968 581 1024 revocet.
633 957 711 1024 Cum
737 956 832 1044 igitur
854 955 1054 1023 substantivo
1077 958 1202 1037 πόλεμος
1215 958 1265 1029 ita
1287 959 1342 1025 ad-

232 1062 317 1130 ditur
336 1060 401 1144 iios,
430 1061 514 1128 aliud
545 1061 666 1128 bellum
696 1059 864 1150 significari
893 1081 958 1126 non
981 1070 1092 1150 potest
1115 1061 1175 1129 nisi
1196 1062 1229 1129 id
1252 1063 1341 1151 quod

231 1167 369 1255 scriptor
390 1168 421 1233 in
445 1166 490 1232 eis
514 1188 597 1255 quae
619 1167 824 1243 antecedunt,
846 1165 939 1232 nobis
956 1165 1101 1232 narravit.
1139 1168 1219 1246 Quia
1235 1178 1343 1234 autem

231 1272 293 1338 hoc
316 1272 461 1337 nondum
484 1257 668 1338 consectum
684 1281 743 1347 est,
764 1269 799 1336 fit
816 1280 849 1337 ut
864 1291 939 1358 pars
956 1269 1032 1337 belli
1047 1269 1251 1359 significetur.
1285 1271 1344 1338 Ubi

232 1397 310 1443 vero
333 1375 472 1462 scriptor
493 1397 551 1443 eos
575 1377 628 1464 qui
652 1374 780 1464 publice
799 1374 897 1442 verba
912 1375 1039 1453 faciunt,
1063 1367 1126 1441 hoc
1141 1375 1254 1442 ordine
1271 1398 1346 1464 pro-

232 1501 352 1546 nomen
374 1501 447 1546 cum
470 1478 673 1547 substantivo
696 1481 902 1568 conjunctum
926 1491 1120 1567 usurpantes
1143 1481 1231 1558 iacit,
1259 1479 1289 1546 hi
1313 1492 1346 1546 et

232 1586 292 1674 ipsi
319 1587 351 1651 in
379 1584 565 1651 memoriam
597 1599 751 1653 revocare
779 1586 891 1652 volunt
918 1606 987 1650 reru
1010 1605 1106 1673 quam
1129 1585 1189 1672 ipsi
1213 1585 1346 1674 quidem

233 1711 297 1756 non
315 1701 533 1767 narraverunt,
550 1691 607 1756 sed
624 1691 644 1755 ii
655 1691 709 1779 qui
720 1690 863 1766 audiunt,
879 1691 920 1757 ad
932 1689 1203 1756 reminiscendum
1216 1702 1345 1777 praesto

233 1794 362 1873 habent,
384 1817 456 1862 cum
479 1795 539 1882 ipsi
562 1796 687 1882 experti
709 1795 779 1861 sint.
1099 1877 1102 1884 Ι

316 1901 364 1965 Νο
388 1900 459 1988 quis
483 1921 560 1967 vero
584 1900 694 1966 credat
713 1900 943 1991 Thucydidem,
966 1921 1008 1967 ne
1031 1900 1134 1967 dicam
1157 1921 1209 1966 me
1230 1899 1347 1987 ipsum,

234 2004 297 2071 hoc
324 2004 496 2072 discrimen
523 2003 669 2083 finxisse,
700 2005 765 2072 duo
797 2005 960 2092 proferam
988 2003 1137 2092 exempla
1167 2026 1207 2070 ex
1234 2003 1345 2070 litteris

234 2108 371 2195 publicis
394 2131 474 2198 quas
496 2109 566 2197 ipse
590 2108 684 2176 nobis
706 2110 843 2188 tradidit,
866 2109 973 2198 petita.
1015 2110 1082 2176 Lib.
1104 2109 1199 2198 igitur
1220 2110 1259 2174 IV
1280 2115 1348 2186 118,

238 2221 275 2281 12
298 2225 374 2280 sunt
395 2214 489 2281 haec:
511 2216 561 2279 καὶ
585 2212 777 2296 ὡμολόγησαν
798 2215 830 2280 ἒν
849 2216 892 2298 τῷ
915 2215 1000 2296 δήμῳ
1021 2217 1077 2296 τήν
1098 2215 1260 2294 ἐκεχειρίαν
1274 2207 1349 2278 εἶναι

236 2317 378 2401 ἐνιαυτόν,
401 2317 505 2400 ἄρχειν
526 2328 558 2384 δε
579 2321 694 2401 τήνδε
715 2321 783 2398 την
802 2313 952 2399 ἡμέραν
972 2312 1106 2398 τετράδα
1127 2319 1176 2384 ἐπὶ
1199 2325 1271 2384 δέκα
1293 2318 1347 2383 τοῦ

234 2424 488 2510 Ἐλαφηβολιῶνος
500 2425 598 2505 μηνός.
632 2423 698 2490 Lib.
715 2431 821 2488 autem
839 2424 863 2489 V
881 2430 927 2503 18,
950 2431 969 2491 9
993 2433 1068 2490 sunt
1090 2422 1186 2490 haec:
1209 2418 1349 2503 ὅδ’ῧρκος

237 2534 316 2595 ἔσται
338 2527 387 2594 ὅδε
415 2527 564 2610 ,Ἐμμενῶ
592 2541 680 2599 ταῖς
705 2527 928 2608 ξυνδήκαις
955 2529 1019 2592 καὶ
1048 2537 1136 2600 ταῖς
1157 2537 1349 2599 σπονδαῖς

236 2644 374 2700 ταῖσδε
401 2641 521 2704 δικαίας
548 2634 597 2698 καὶ
626 2630 767 2703 οἶδόλαςιί.
818 2635 886 2700 Hoc
912 2633 985 2700 loco
1016 2634 1094 2722 quin
1120 2641 1187 2704 ταῖς
1208 2641 1352 2702 σπονδαῖς

237 2747 340 2804 ταῖσδε
362 2758 419 2804 eae
442 2735 662 2826 significentur
683 2745 812 2802 σπονδαί
833 2759 917 2827 quae
933 2739 965 2804 in
984 2738 1030 2805 eis
1046 2760 1130 2827 quae
1146 2737 1351 2814 antecedunt,

237 2843 404 2930 expositae
427 2853 510 2920 sunt,
532 2863 628 2908 nemo
652 2841 783 2908 dubitet.
817 2844 987 2909 Praeterea
1009 2864 1049 2909 en
1071 2842 1235 2931 scriptoris
1251 2841 1351 2930 ipsius

237 2947 344 3015 verbis
375 2947 454 3015 haec
483 2946 646 3034 proferam
674 2947 830 3034 exempla.
877 2948 977 3024 11118,
1006 2955 1025 3016 9
1054 2959 1225 3038 praeparat
1253 2968 1352 3034 expe·

239 3053 393 3119 ditionem
423 3049 711 3126 Ambraciotarum,
744 3071 841 3138 quam
870 3071 889 3116 a
916 3073 985 3139 cap.
1008 3059 1048 3120 80
1076 3073 1204 3118 narrare
1233 3052 1351 3139 incipit,

239 3155 286 3222 his
308 3155 428 3223 verbis:
451 3153 577 3234 ὕστερον
598 3161 632 3220 δὲ
653 3155 684 3220 ἔν
704 3156 748 3238 τῷ
769 3161 888 3238 πολέμῳ
910 3156 1024 3238 τήνδε
1045 3160 1114 3232 τήν
1135 3163 1354 3238 στρατείαν

240 3261 403 3327 ποιοῦνται.
456 3260 579 3326 Eodem
608 3270 714 3326 autem
742 3259 825 3326 libro
855 3279 923 3348 cap.
946 3268 1002 3337 34,
1030 3267 1049 3329 8
1075 3261 1155 3328 haec
1183 3273 1273 3329 sunt:
1303 3263 1353 3328 ἐπὶ

241 3361 319 3431 aab
340 3376 423 3436 τοῖς
444 3366 616 3446 πρώτοις
636 3374 770 3431 τοῖσδε
785 3365 932 3447 Περικλῆς
953 3365 968 3428 ὁ
989 3373 1172 3435 Ξανθίππου
1193 3363 1290 3448 ᾑρέθη
1309 3374 1355 3433 λέ-

240 3495 308 3548 γειν.
360 3469 483 3549 Quibus
506 3468 613 3536 verbis
636 3471 828 3558 scriptorem
852 3481 977 3537 mentes
1000 3470 1175 3559 legentium
1198 3473 1355 3540 reducere

241 3573 281 3640 ad
310 3593 456 3662 eaquae
479 3573 496 3661 ᾖ
521 3584 535 3640 1
562 3574 652 3640 dixit:
681 3579 785 3659 ταφοές
807 3577 985 3654 ἐποιήσαντο
1007 3577 1068 3642 τῶν
1089 3577 1120 3642 ἕν
1141 3578 1218 3662 τῷδε
1240 3577 1282 3662 τῷ
1303 3603 1358 3642 πο·

239 3683 319 3762 λδμῳ
342 3679 462 3759 πρῶτον
482 3678 718 3762 armaverat,
748 3701 808 3767 per
828 3701 864 3747 se
887 3690 986 3768 patet.
1035 3680 1101 3747 Alia
1130 3682 1278 3766 exempla
1308 3680 1356 3747 his

242 3782 356 3848 similia
371 3784 579 3851 inveniuntur
594 3786 633 3850 111
650 3793 695 3864 13,
710 3793 729 3852 4
745 3784 777 3850 ἕν
790 3786 833 3868 τῷ
847 3791 934 3866 θέρει
948 3787 1025 3870 τῷδε
1039 3788 1103 3852 vul
1115 3793 1155 3856 99
1171 3789 1203 3853 ἒν
1216 3786 1260 3872 τῷ
1275 3787 1358 3870 αὐτῷ

241 3893 329 3968 θέρει
343 3890 421 3973 τῷδε
436 3891 462 3954 II
481 3897 547 3967 102,
568 3898 580 3957 1
598 3891 687 3956 τοῦδε
701 3887 755 3954 τοῦ
770 3890 912 3970 χειμῶνος
922 3892 960 3956 lV
974 3898 1021 3969 10,
1036 3900 1048 3958 1
1064 3893 1151 3959 τοῦδε
1161 3893 1215 3959 ‘tori
1226 3894 1360 3958 κινδύνου

242 3992 269 4056 ll
294 3999 340 4070 12,
363 4001 381 4062 3
403 3992 456 4073 ἥδε
477 3991 496 4076 ἡ
518 3991 615 4076 ἡμέρα
636 3997 661 4061 V
683 4003 711 4073 9,
738 4001 757 4062 9
778 3995 850 4075 τῇδο
871 3997 909 4074 τῇ
930 3993 1034 4081 ἡμέρα.
1077 3999 1149 4063 Νοη
1172 4008 1295 4064 temere
1318 4018 1359 4063 ex

243 4095 307 4165 hoe
329 4121 465 4168 numero
489 4122 527 4167 ea
549 4101 743 4168 exclusimus
766 4101 931 4188 exempla,
962 4101 993 4166 in
1017 4100 1135 4190 quibus
1158 4101 1358 4170 substantivo

1152 4222 1180 4276 3*
