3262 4752
719 285 926 347 ..13-

264 489 337 534 cum
364 464 436 550 ejus
468 463 579 529 oculos
608 460 794 550 effugerint,
824 459 888 527 hoc
916 462 1078 528 admoneo
1106 463 1252 550 scriptori
1281 465 1378 533 verba

265 593 323 638 sua
344 568 499 657 relegenti
522 567 647 634 circiter
670 567 783 633 decem
799 586 902 632 annos
919 567 1110 653 praeteritos
1126 567 1235 645 luisse,
1257 590 1295 635 ex
1313 593 1379 660 quo

265 695 349 763 opus
380 674 469 761 prius
498 673 653 760 scriptum
680 671 900 744 intermiserit,
935 671 1052 761 quibus
1083 673 1174 739 annis
1204 686 1236 740 et
1266 675 1307 742 ab
1339 699 1379 744 co

266 779 408 869 quodam
433 777 532 844 modo
555 777 710 844 alienatus
733 787 802 842 erat
824 787 856 843 et
877 775 1030 863 plurimas
1054 799 1106 844 res
1130 799 1230 846 novas
1259 801 1380 870 cogno-

267 895 362 952 verat.
412 883 474 962 Qui
504 893 610 949 autem
641 882 683 947 ita
706 883 791 948 docti
813 882 854 947 ad
877 902 914 948 ea
938 903 1022 970 quae
1046 882 1133 968 prius
1156 894 1380 964 tractaverunt,

265 988 421 1064 redeunt,
451 1008 565 1054 eorum
593 987 788 1053 attentiones
819 986 1012 1075 plerumque
1043 986 1172 1054 excitari
1201 989 1323 1066 solent,
1353 992 1379 1057 si

266 1095 377 1183 legunt
399 1112 483 1181 quae
506 1114 579 1160 cum
602 1092 648 1159 eis
672 1114 738 1159 non
761 1091 963 1169 conveniant,
985 1113 1069 1180 quae
1092 1091 1190 1179 paulo
1212 1106 1287 1162 ante
1304 1117 1380 1184 cog-

268 1210 436 1266 noverunt.

351 1301 505 1390 Reliquos
523 1302 624 1378 locos
646 1322 686 1368 ex
703 1300 820 1388 quihus
838 1301 969 1368 Ullricus
985 1312 1173 1390 argumenta
1188 1325 1246 1369 sua
1262 1306 1381 1391 petivit,

265 1409 403 1474 hicnon
425 1404 580 1478 tractabo,
602 1427 675 1472 cum
699 1406 740 1472 de
763 1407 808 1472 eis
831 1405 917 1472 idem
936 1406 1146 1493 judicandum
1162 1407 1211 1484 sit,
1233 1410 1322 1497 quod
1340 1410 1381 1477 de

266 1512 315 1579 his
338 1534 422 1601 quos
445 1511 627 1599 diligentius
650 1512 793 1577 tractavi:
817 1511 842 1577 si
859 1511 1078 1602 Thucydidem
1095 1532 1179 1599 opus
1196 1514 1284 1599 prius
1300 1515 1381 1581 rele-

267 1631 396 1707 gentem
419 1615 586 1704 effugisset
607 1615 667 1682 hos
687 1616 777 1684 locos
794 1638 859 1682 non
876 1616 1048 1683 convenire
1065 1637 1138 1682 cum
1154 1618 1190 1685 iis
1206 1639 1289 1707 quae
1306 1629 1381 1706 post

267 1733 357 1812 gesta
389 1731 514 1798 essent,
546 1721 864 1810 neglegentissimum
896 1741 972 1787 eum
1006 1721 1149 1787 futurum
1182 1723 1281 1790 luisse
1314 1745 1380 1789 non

267 1829 373 1894 solum
394 1825 546 1894 omnibus
569 1825 617 1892 his
639 1827 719 1893 locis
735 1827 793 1893 sed
810 1828 842 1891 in
858 1837 927 1892 toto
945 1847 1046 1913 opere
1062 1826 1248 1916 relegendo.
1283 1828 1380 1906 Quod

267 1954 340 2000 cum
370 1953 466 1998 nemo
495 1931 555 1996 sibi
582 1931 780 2019 persuadere
803 1931 923 2018 possit,
952 1942 1006 1996 aut
1028 1931 1209 2019 putandum
1232 1944 1281 1999 est
1305 1954 1380 2000 eum

268 2059 333 2104 non
355 2036 509 2125 relegisse
531 2048 586 2102 aut
608 2037 698 2103 aliter
720 2047 817 2124 atque
837 2036 969 2103 Ullricus
993 2037 1068 2113 vult,
1092 2037 1162 2123 ejus
1185 2037 1283 2104 verba
1306 2049 1383 2104 sunt

268 2141 516 2230 interpretanda.
555 2142 719 2210 Relectum
742 2141 838 2230 igitur
860 2163 925 2208 non
949 2162 1022 2208 esse
1045 2163 1063 2206 a
1085 2142 1273 2231 Thucydide
1296 2164 1380 2230 opus

268 2248 355 2334 prius
385 2245 541 2333 scriptum
564 2246 697 2314 Ullricus
723 2247 855 2333 judicat.
909 2246 974 2312 Sed
996 2245 1059 2312 hoc
1080 2246 1109 2313 ei
1132 2247 1379 2313 concedendum

267 2373 332 2419 non
362 2373 435 2420 esse
465 2371 562 2436 supra
595 2351 895 2417 demonstravimus.
947 2351 1053 2429 Quare
1078 2351 1151 2417 nihil
1181 2352 1381 2440 relinquitur,

268 2458 327 2524 nisi
349 2469 384 2523 ut
406 2467 557 2544 putemus
574 2455 765 2542 scriptorem
782 2455 980 2543 relegentem
996 2456 1067 2522 illos
1083 2457 1183 2533 locos,
1205 2477 1245 2522 ex
1262 2456 1380 2545 quibus

268 2562 400 2629 Ullricus
423 2571 611 2650 argumenta
632 2582 690 2627 sua
714 2561 833 2648 petivit,
856 2581 921 2626 non
942 2559 1132 2638 correxisse,
1154 2561 1230 2649 quia
1245 2582 1319 2628 cum
1335 2563 1381 2629 eis

269 2688 352 2755 quae
374 2678 449 2755 post
471 2667 552 2734 lacta
575 2677 665 2747 sunt,
694 2667 869 2732 convenire
892 2666 1087 2732 viderentur.
1138 2667 1233 2745 Quod
1257 2667 1283 2733 si
1305 2689 1383 2734 oon-

269 2791 396 2837 cessum
419 2783 478 2849 est,
500 2772 619 2838 eodem
637 2772 711 2858 jure
734 2792 792 2838 eos
809 2782 885 2858 post
901 2782 1004 2836 totum
1021 2771 1141 2838 bellum
1156 2773 1292 2860 scriptos
1309 2795 1383 2840 esse

269 2875 377 2942 dicere
399 2897 584 2964 possumus,
608 2896 674 2965 quo
690 2876 823 2942 Ullricus
847 2875 968 2965 quique
992 2898 1066 2942 eum
1084 2878 1186 2943 secuti
1202 2893 1286 2956 sunt,
1308 2890 1384 2945 ante

268 2982 405 3048 classem
433 2982 465 3047 in
489 2982 624 3048 Siciliam
654 2982 783 3048 missam
814 2979 953 3066 scriptos
981 3001 1054 3048 esse
1073 2980 1229 3067 judicant.
1279 2987 1383 3073 Atque

269 3087 309 3152 ita
341 3087 382 3153 de
412 3087 482 3173 ejus
512 3092 669 3154 sententia
688 3085 898 3174 judicandum
923 3096 988 3152 est:
1018 3085 1044 3151 si
1067 3084 1134 3150 aliis
1158 3087 1253 3152 certis
1276 3088 1382 3154 causis

268 3189 362 3256 nobis
395 3192 645 3278 persuaderetur
677 3191 897 3282 Thucydidem
934 3191 1076 3279 priorem
1115 3192 1223 3277 operis
1257 3203 1382 3280 partem

268 3295 393 3361 circiter
421 3295 536 3362 decem
566 3297 657 3362 annis
684 3307 759 3362 ante
787 3296 1003 3383 posteriorem
1032 3295 1216 3383 scripsisse,
1248 3297 1291 3362 illi
1322 3298 1384 3364 loci

269 3421 349 3465 non
372 3413 669 3489 repugnarent.
707 3401 771 3466 Sed
795 3421 867 3467 cum
891 3400 1383 3488 adhoccomprobandum

269 3505 345 3570 nihil
367 3505 495 3572 valeant
516 3505 613 3594 eique
635 3507 771 3572 adversa
793 3505 857 3572 sint
880 3526 965 3593 quae
988 3506 1014 3570 ll
1037 3513 1087 3582 65,
1109 3513 1229 3586 5-13;
1262 3513 1330 3582 100,
1355 3515 1386 3587 1;

269 3612 306 3676 lV
320 3617 370 3687 48,
390 3619 408 3677 5
431 3610 636 3682 inveniuntur
658 3633 695 3678 ac
717 3611 854 3678 tortasse
877 3612 937 3676 alia
960 3610 1060 3698 plura,
1082 3631 1166 3700 quac
1189 3611 1248 3676 nisi
1270 3611 1386 3677 invitus

268 3737 365 3782 nemo
396 3715 545 3783 coneedit
570 3716 601 3783 in
624 3716 712 3804 prius
735 3715 917 3801 conscripta
941 3715 1048 3782 multis
1070 3715 1162 3782 annis
1185 3725 1264 3803 post
1285 3714 1385 3781 incul-

268 3830 338 3887 cata
364 3842 454 3897 esse,
484 3822 589 3888 lacere
613 3844 678 3888 non
702 3841 894 3910 possumus,
925 3821 1004 3909 quin
1027 3821 1096 3908 ejus
1120 3820 1313 3887 sententiam
1337 3842 1387 3887 re-

265 3913 411 3999 jiciamus
433 3937 467 3994 et
487 3926 578 3992 locos
601 3947 640 3992 ex
664 3925 783 4015 quihus
805 3938 997 4012 argumenta
1015 3947 1072 3993 sua
1089 3925 1209 4013 petivit,
1231 3925 1274 3990 ita
1289 3925 1388 3990 inter-

269 4042 444 4116 pretemur,
466 4042 501 4097 ut
523 4031 563 4097 ab
586 4052 627 4098 eo
650 4041 726 4119 post
748 4039 851 4095 totum
875 4029 996 4097 bellum
1019 4052 1102 4117 opus
1118 4031 1281 4098 scribente
1299 4041 1386 4097 recte

270 4134 330 4200 dici
353 4137 501 4222 potuisse
524 4137 700 4202 videantur.
