3262 4752
730 220 942 283 „13-

282 397 450 465 nobiscum
472 409 660 485 reputamus
683 419 757 464 eum
780 398 812 463 in
836 398 882 465 eis
905 418 988 487 quae
1011 398 1108 486 paulo
1128 403 1324 469 antecedunt
1340 426 1396 471 ex-

200 517 205 525 ·
281 503 431 591 posuisse
453 501 574 569 bellum
596 503 704 568 XXVII
727 524 886 569 annorum
908 503 1015 569 luisse.
1068 506 1112 571 Ac
1139 525 1216 573 sane
1239 519 1306 574 erat
1328 531 1397 576 me-

281 608 437 675 morabile
460 629 533 674 eum
557 618 760 694 portantum
782 609 938 696 temporis
959 608 1099 695 spatium
1115 621 1147 675 et
1163 610 1280 678 idonea
1296 613 1396 681 luisse

281 724 385 780 aetate
412 725 445 780 et
474 734 526 779 res
554 723 660 800 gestas
688 724 838 780 accurate
860 734 1058 803 cognoscere
1080 715 1253 784 studuisse.
1297 717 1398 786 Simul

281 830 389 885 autem
415 828 550 906 apparet
586 839 660 884 eum
681 819 721 885 td
754 820 842 908 quod
874 818 937 885 hoo
969 819 1043 885 loco
1077 819 1155 886 dixit
1188 820 1295 888 dicere
1328 844 1394 888 non

282 924 445 1013 potuisse,
475 922 534 989 nisi
558 923 636 990 illud
660 925 701 990 de
723 923 923 1011 longitudine
946 922 1021 989 belli
1044 924 1270 1012 praemisisset.
1315 927 1396 993 Eum

281 1040 388 1096 autem
411 1029 442 1094 in
464 1028 573 1116 priore
596 1029 764 1115 prooemio
788 1049 880 1094 more
897 1050 957 1095 suo
974 1030 1125 1095 narrandi
1141 1030 1217 1096 nihil
1233 1030 1395 1119 despatio

267 1121 355 1202 ‚belli
379 1133 486 1200 dicere
509 1133 654 1220 potuisse
678 1133 918 1220 supradictum
940 1143 997 1200 est.
1029 1136 1112 1222 Ergo
1129 1155 1169 1201 ne
1185 1134 1248 1201 hoc
1263 1135 1395 1224 quidem

282 1239 314 1304 in
336 1239 389 1304 illo
413 1235 572 1304 affirmare
595 1249 724 1325 poterat
744 1260 781 1305 se
804 1260 863 1327 per
884 1249 982 1304 totam
1006 1239 1111 1317 vitam,
1135 1251 1289 1328 quantam
1312 1241 1396 1306 inter

282 1342 403 1410 bellum
425 1343 535 1431 egerit,
557 1364 595 1409 ea
611 1344 710 1410 luisse
725 1354 839 1419 aetate,
864 1335 898 1408 u't
914 1365 966 1410 res
982 1355 1089 1432 gestas
1105 1356 1191 1412 recte
1207 1345 1395 1433 intellegere

283 1459 411 1538 posset,
438 1458 470 1514 et
492 1448 522 1514 id
547 1469 678 1534 semper
700 1449 821 1537 egisse,
849 1458 883 1513 ut
906 1465 1025 1515 certam
1047 1470 1155 1516 rernm
1179 1450 1395 1537 cognitionem

274 1554 343 1644 ‘sibi
364 1563 575 1642 compararet.
621 1554 716 1632 Quod
740 1573 814 1620 cum
836 1563 958 1618 certum
982 1556 1031 1631 sit,
1053 1555 1235 1621 mirandum
1257 1577 1323 1620 non
1346 1566 1396 1621 est

282 1682 358 1727 eum
379 1660 411 1723 in
433 1659 535 1725 altero
557 1658 726 1746 prooemio
749 1659 865 1724 iterum
883 1661 923 1726 de
939 1657 1077 1744 ἀκριβείᾳ
1092 1681 1151 1726 sua
1165 1660 1263 1748 loqui,
1286 1681 1395 1748 neque

283 1788 322 1831 ex
345 1765 461 1831 haere
484 1763 632 1834 concludi
653 1753 765 1850 potest
796 1765 885 1851 quod
908 1764 1040 1830 Ullricus
1071 1764 1242 1839 conclusit,
1265 1765 1324 1831 sed
1352 1765 1394 1828 ita

278 1869 488 1957 judicandum
512 1877 576 1932 est:
600 1887 795 1957 quamquam
812 1868 1014 1958 Thucydides
1030 1869 1096 1955 jam
1112 1868 1199 1934 initio
1215 1867 1286 1933 libri
1301 1867 1395 1956 primi

283 1974 390 2040 dicere
412 1981 540 2060 poterat
562 1992 597 2036 se
620 1992 680 2058 per
701 1982 805 2038 totum
827 1971 949 2040 bellum
970 1984 1035 2038 tam
1059 1973 1191 2062 longum
1210 1972 1253 2038 ita
1268 1972 1395 2050 vixisse,

198 2123 202 2133 -
283 2089 318 2144 ut
344 2087 376 2144 et
406 2098 458 2143 res
487 2077 519 2140 in
549 2097 590 2141 eo
618 2087 725 2163 gestas
752 2089 839 2144 recte
860 2078 1063 2166 intellegeret
1085 2087 1117 2142 et
1139 2088 1259 2144 certam
1282 2098 1394 2143 earnm

282 2182 498 2272 cognitionem
522 2191 657 2268 peteret,
679 2192 786 2248 tamen
810 2182 920 2259 noluit,
944 2183 1017 2271 quia
1041 2181 1081 2248 de
1104 2181 1303 2271 longitudine
1319 2180 1394 2247 belli

282 2311 347 2356 non
363 2288 451 2376 prius
467 2285 641 2375 quicquam
659 2286 802 2354 dicturus
818 2296 895 2364 erat,
910 2307 1007 2376 quarn
1022 2287 1165 2374 priorem
1182 2289 1252 2372 ejus
1267 2295 1392 2373 partem

282 2393 483 2460 narravisset.

364 2494 495 2562 Accedit
521 2494 657 2560 alterum
679 2515 746 2582 quo
769 2494 926 2560 adductus
950 2503 1014 2569 est,
1042 2505 1077 2560 ut
1098 2495 1255 2580 ἀκρίβειαν
1276 2497 1392 2562 iterum

279 2609 556 2671 commemoraret.
592 2601 627 2664 ln
643 2598 689 2664 eis
712 2598 797 2664 enirn
814 2619 898 2686 quae
913 2609 1094 2686 sequuntur
1110 2611 1215 2666 narrat
1229 2621 1265 2667 se
1282 2611 1393 2688 poste-

279 2707 365 2773 riore
389 2705 473 2770 bello
497 2703 580 2768 inter
602 2702 859 2789 Peloponnesios
882 2703 981 2770 luisse
1004 2715 1098 2771 etex
1120 2705 1169 2772 his
1190 2705 1268 2792 ipsis
1290 2727 1343 2772 res
1359 2706 1390 2771 in

280 2811 366 2878 bello
389 2820 496 2899 gestas
519 2806 738 2896 exquisivisse.
781 2811 893 2897 ltaque
921 2808 991 2896 ejus
1014 2819 1100 2875 certa
1122 2830 1229 2875 rerum
1252 2810 1392 2898 cognitio

280 2917 421 3005 (ἀκριβές)
449 2915 481 2980 in
511 2913 609 2980 altera
636 2912 713 2979 belli
743 2923 834 3000 parte
863 2913 1020 2978 narranda
1049 2913 1107 2978 alia
1137 2925 1206 2979 erat
1234 2925 1332 3004 atque
1358 2915 1390 2980 in

279 3022 397 3109 priore.
430 3020 498 3086 Hoc
519 3029 626 3085 autern
650 3039 784 3084 necesse
806 3017 906 3085 luisse
928 3017 969 3083 ab
993 3039 1033 3084 eo
1057 3019 1302 3085 commemorari
1318 3019 1391 3108 quis

279 3137 329 3193 est
358 3124 412 3215 qui
441 3135 547 3212 neget.
597 3124 675 3188 llum
704 3133 813 3189 autem
843 3143 927 3211 quae
956 3123 998 3189 de
1028 3124 1140 3191 exsilio
1169 3125 1284 3211 partim
1306 3125 1390 3192 inter

278 3229 535 3316 Peloponnesios
558 3238 689 3316 peracto
714 3227 806 3305 dixit,
837 3227 898 3294 alio
920 3227 993 3295 loco
1017 3228 1124 3296 dicere
1146 3250 1212 3294 non
1235 3229 1392 3316 potuisse,

278 3355 376 3422 supra
408 3333 528 3399 dictum
557 3344 615 3400 est.
666 3334 748 3421 Ergo
773 3332 867 3398 etiam
890 3333 960 3419 ejus
982 3331 1103 3416 ἀκριβές
1123 3332 1185 3411 hoo
1207 3335 1280 3401 looo
1303 3356 1391 3402 com-

278 3438 524 3506 memorandum
548 3449 615 3503 erat
638 3447 670 3503 et
693 3437 826 3526 quidem
849 3438 891 3503 ita
913 3449 948 3503 ut
970 3438 1241 3506 commemoravit.

360 3545 470 3631 ltaque
500 3541 622 3607 nullum
652 3562 765 3608 eorum
793 3554 1056 3632 argumentorum
1086 3564 1170 3632 quae
1193 3543 1325 3610 Ullricus
1347 3564 1388 3609 ex

277 3648 447 3739 prooemio
470 3647 572 3713 altero
595 3645 720 3733 petivit,
751 3645 813 3713 tole
836 3657 901 3724 est,
929 3657 963 3712 nt
987 3670 1026 3713 ex
1049 3669 1089 3714 eo
1113 3648 1263 3715 concludi
1285 3648 1390 3735 possit

277 3755 496 3846 Thucydidem
518 3751 581 3818 hoc
602 3751 781 3830 addidisse,
810 3751 884 3840 quia
906 3752 1109 3839 prooemium
1132 3754 1222 3842 prius
1245 3752 1389 3820 scribens

275 3872 378 3927 totum
413 3859 533 3926 bellum
568 3855 712 3923 nondum
746 3857 961 3946 cognovisset.
1022 3859 1077 3924 Sin
1111 3870 1220 3926 autem
1252 3859 1388 3926 alterum

274 3964 479 4052 prooemium
516 3983 588 4028 oum
627 3983 666 4028 eo
699 3961 772 4029 loco
806 3983 1047 4050 comparamus
1084 3986 1225 4052 quocum
1259 3985 1389 4053 compa-

274 4068 410 4134 randum
434 4079 500 4147 est,
523 4067 617 4135 etiam
640 4066 730 4134 inse
754 4065 873 4134 habere
896 4067 1050 4147 arbitror,
1080 4068 1198 4158 quibus
1220 4070 1290 4157 ejus
1312 4091 1385 4137 sen-

1600 586 1602 667 i
