3262 4752
692 286 903 346 ..12-

245 469 315 553 ejus
331 475 406 553 post
423 485 543 530 annum
560 472 620 530 404
637 464 808 552 relegentis
824 462 968 550 effugere
985 473 1112 550 poterat
1130 465 1196 551 jam
1220 487 1289 530 sus
1299 463 1353 551 pi-

243 571 362 638 candi
386 564 490 655 (οἶμαι,
512 567 648 653 plumeae)
671 580 801 655 tempus
825 589 890 634 non
913 589 1002 645 esse,
1031 591 1102 635 oum
1134 580 1166 635 et
1194 566 1281 638 ἄλλος
1301 570 1352 633 πό-

241 690 328 757 λεμος
350 675 480 756 Δωρικός
502 684 534 739 el
555 675 636 754 λιμός
657 673 758 741 lactus
781 673 893 741 essel?
1075 661 1076 664 Ἴ

327 779 388 859 Qui
418 790 525 845 temen
556 789 669 866 putant
691 778 909 868 Thucydidem
938 777 1001 844 hoc
1028 779 1100 844 loeo
1128 781 1352 869 neglegentem

242 886 350 961 luisse,
365 885 413 951 his
430 884 677 951 concedendum
693 884 752 950 erit
767 883 860 950 etiarn
878 883 1018 972 reliquis,
1034 906 1074 950 ex
1089 883 1207 972 quibus
1221 886 1352 953 Ullricus

242 1000 429 1078 argumenta
445 1010 503 1056 sua
520 989 638 1076 petivit,
654 989 795 1055 eundem
811 988 919 1055 luisse.
949 989 1021 1067 Quo
1038 1010 1078 1055 ex
1091 1011 1225 1057 numero
1239 991 1351 1056 omitto

244 1096 385 1183 reliquos
408 1093 478 1162 libri
500 1094 631 1160 secundi
654 1093 791 1182 librique
806 1095 845 1158 lll
861 1100 910 1171 86,
928 1101 964 1174 2;
987 1094 1027 1160 de
1043 1086 1111 1181 cap.
1128 1101 1177 1174 87,
1199 1104 1218 1163 2
1241 1096 1352 1189 dicam,

243 1199 296 1266 ubi
327 1200 368 1266 de
400 1199 579 1286 pestilentia
609 1221 673 1288 qua
695 1198 837 1266 Athenae
860 1199 948 1264 initio
972 1197 1046 1265 belli
1069 1220 1247 1286 oppressae
1269 1213 1353 1278 sunt,

242 1305 321 1372 haec
332 1315 408 1371 sunt
423 1305 518 1371 dicta:
540 1304 617 1370 ὥστε
626 1304 791 1386 Ἀθηναίων
801 1331 833 1384 ye
844 1306 884 1384 μή
896 1298 970 1370 εἶναι
980 1303 1027 1369 ὅτι
1036 1305 1148 1385 μᾶλλον
1159 1307 1290 1373 ἐκάκωσε
1300 1309 1354 1386 τήν

243 1413 375 1490 δύναμιν.
408 1411 494 1476 Haec
515 1409 610 1498 igitur
633 1407 730 1474 verba
753 1408 887 1474 Ullricus
910 1419 1002 1496 putat
1017 1410 1236 1502 Thucydidem
1254 1413 1353 1499 scrip-

243 1527 350 1590 turum
381 1536 446 1581 non
475 1514 589 1590 luisse,
618 1513 644 1580 si
670 1511 814 1580 scribens
837 1534 952 1602 magna
974 1515 1025 1580 illa
1048 1515 1163 1582 damna
1186 1525 1353 1602 comperta

231 1619 423 1696 habuisset,
454 1640 536 1707 quae
567 1619 735 1686 discordiis
766 1617 909 1686 civilibus
937 1630 1083 1688 extremo
1114 1620 1200 1688 hello
1222 1619 1352 1686 Athenis

242 1724 327 1790 illata
349 1736 467 1792 essent.
511 1728 549 1790 At
572 1746 632 1813 ego
655 1723 793 1790 arbitror
816 1723 841 1789 si
864 1721 1008 1790 scribens
1031 1724 1110 1791 haec
1132 1725 1352 1814 ignoravisset,

210 1880 212 1886 .
242 1830 391 1916 relegens
414 1830 539 1918 cognita
562 1827 736 1906 habuisset,
757 1827 826 1894 lieri
849 1851 914 1895 nun
930 1829 1084 1916 potuisse,
1106 1851 1178 1896 oum
1195 1831 1353 1919 relegeret

243 1955 327 2022 quae
350 1934 391 1999 de
414 1932 576 2021 prioribus
593 1933 717 2000 damnis
733 1933 923 2020 scripsisset,
946 1934 1022 2021 quin
1040 1935 1219 2001 recentiora
1235 1935 1264 2000 in
1284 1935 1353 2022 ejus

243 2030 429 2105 memoriam
454 2048 691 2112 revocarentur,
722 2037 1006 2127 quandoquidem,
1030 2050 1182 2126 utsupra
1207 2039 1354 2116 diximus,

243 2143 340 2210 rebus
374 2142 529 2210 similibus
564 2153 708 2209 veterum
742 2153 926 2229 temporum
959 2144 1104 2232 legendis
1137 2145 1352 2212 recentiorum

242 2250 409 2316 admoneri
436 2249 588 2316 solemus.
639 2249 692 2313 Sin
720 2259 828 2314 autern
850 2247 931 2315 haec
953 2251 1141 2317 recordatus
1164 2263 1267 2326 esset,
1299 2272 1363 2318 ne-.

242 2377 334 2422 cesse
364 2365 432 2420 erat
455 2374 538 2442 quae
562 2354 649 2441 prius
672 2354 857 2441 scripserat,
887 2354 967 2421 lalso
991 2355 1073 2422 diota
1096 2377 1169 2422 esse
1191 2356 1221 2422 ei
1243 2356 1353 2432 videri,

242 2460 268 2525 si
290 2481 325 2525 re
348 2481 424 2526 vera
446 2458 507 2535 eie,
530 2480 614 2546 quae
636 2458 724 2545 prius
747 2460 934 2545 scripserat,
955 2460 987 2525 id
1011 2459 1192 2547 exprimere
1215 2460 1353 2536 volebat,

243 2565 332 2652 quod
357 2564 489 2629 Ullricus
517 2573 606 2649 putat
635 2583 709 2628 eum
740 2563 920 2650 exprimere
951 2564 1103 2632 voluisse:
1135 2565 1254 2631 nullam
1283 2587 1352 2632 rem

241 2667 490 2735 Atheniensibus
505 2667 578 2755 plus
596 2668 744 2734 nocuisse
760 2688 857 2755 quarn
874 2669 1096 2755 pestilentiam.
1131 2671 1227 2736 Recta
1245 2680 1353 2736 autem

241 2785 273 2840 et
297 2793 372 2839 vera
395 2794 528 2839 necesse
552 2783 620 2838 erat
642 2773 671 2838 ei
694 2771 795 2838 videri
816 2793 899 2861 quae
922 2772 1011 2861 prius
1034 2774 1216 2861 scripserat,
1238 2776 1264 2842 si
1287 2795 1353 2840 non

243 2878 501 2966 unumquodque
516 2879 669 2945 damnum
685 2888 895 2965 spectaverat,
911 2878 968 2945 sed
985 2879 1072 2945 solas
1089 2901 1202 2945 eorum
1213 2879 1353 2966 jacturas

242 2986 297 3074 qui
325 3007 413 3053 arma
441 2984 526 3051 ferre
556 2994 706 3070 poterant
737 2983 870 3068 (δύναμις
890 3007 931 3042 =
952 2984 1065 3070 copiae
1087 3009 1130 3044 =
1151 2983 1354 3069 Wehrlxralt),

240 3112 277 3158 ac
298 3092 324 3159 si
348 3114 388 3159 ne
410 3091 468 3158 has
492 3089 624 3178 quidem
648 3088 813 3154 universas
836 3087 894 3154 sed
918 3087 1058 3176 singulas
1074 3089 1205 3178 singulis
1222 3089 1353 3177 proeliis

240 3207 388 3283 acceptas
418 3217 491 3262 oum
521 3216 585 3261 una
608 3191 788 3281 pestilentia
810 3192 893 3257 illata
917 3194 1133 3281 comparabat.
1178 3197 1288 3282 ltaque
1312 3216 1353 3261 ex

240 3322 281 3367 eo
313 3301 403 3389 quod
434 3300 637 3389 Thucydides
668 3298 752 3365 hunc
785 3297 891 3365 locum
925 3299 1073 3388 relegens
1108 3321 1172 3366 non
1206 3299 1354 3374 correxit,

240 3404 501 3471 concludendum
538 3417 587 3472 est
624 3427 698 3471 eum
727 3400 904 3492 significare
937 3425 1002 3470 non
1031 3404 1063 3471 id
1095 3405 1234 3472 voluisse
1262 3405 1353 3493 quod

241 3509 374 3578 Ullricus
398 3519 496 3596 putat,
518 3509 576 3576 sed
602 3509 692 3596 quod
715 3529 775 3575 nos
798 3510 1017 3596 exposuimus.
1056 3510 1152 3589 Quod
1176 3512 1202 3577 si
1218 3521 1352 3584 constat,
1408 3547 1412 3556 ·

241 3638 281 3686 ne
304 3615 354 3682 hic
370 3613 501 3702 quidem
518 3613 608 3680 locus
625 3635 684 3701 pro
702 3623 892 3701 argumento
909 3612 1078 3681 habendus
1095 3626 1152 3691 est,
1176 3636 1242 3704 quo
1265 3635 1353 3682 eom·-

241 3718 398 3806 prohetur
413 3719 632 3810 Thucydidem
655 3719 797 3806 priorem
819 3717 971 3784 historiae
986 3730 1109 3806 partem
1127 3731 1201 3787 ante
1216 3721 1352 3787 classem

239 3824 270 3889 in
294 3825 428 3892 Siciliam
451 3824 579 3890 missam
602 3822 780 3910 scripsisse.

322 3931 370 3996 Ne
399 3951 476 3996 vero
506 3929 602 3995 etiam
625 3928 675 3995 hic
698 3929 770 4016 quis
794 3927 878 3994 dicat
901 3948 984 4015 quae
1009 3925 1165 3993 hocloco
1188 3915 1206 3993 a
1228 3926 1353 4018 Thucy-

240 4033 315 4100 dide
339 4034 520 4112 dictasint,
551 4054 747 4125 quamquam
770 4055 843 4100 cnm
866 4034 912 4100 eis
936 4054 1001 4099 non
1030 4031 1238 4106 conveniant,
1268 4053 1353 4120 quae

240 4139 421 4227 posteriore
444 4142 529 4209 hello
552 4152 642 4230 gesta
665 4138 737 4216 sint,
759 4150 866 4205 tamen
889 4137 929 4204 ab
952 4159 992 4204 eo
1016 4159 1082 4204 non
1106 4135 1249 4203 correcta
1269 4158 1352 4214 esse,
