3262 4752
713 245 922 318 -716-

259 440 355 486 causa
383 420 448 484 suit.
498 419 583 485 Haec
610 428 717 484 autern
741 419 799 485 suit
822 441 874 497 ea,
905 441 1001 508 quam
1025 424 1250 510 exposuimus,
1280 429 1370 514 quod

258 525 337 592 locis
367 522 517 612 gravibus
541 545 660 590 nomen
684 545 778 590 suum
802 524 908 591 dicere
931 540 1154 594 consueverat.
1205 530 1270 595 Hac
1292 551 1371 597 vero

259 651 295 696 re
317 630 343 696 si
365 629 523 696 adductus
546 639 605 706 est,
628 650 669 695 ne
690 628 823 695 Ullricus
847 629 978 717 quidem
1001 652 1041 697 ex
1063 632 1220 700 hocloco
1243 636 1373 702 conclu-

261 735 339 801 dere
361 744 486 821 potest,
517 753 583 821 quo
606 744 755 820 tempore
778 733 868 820 prior
891 735 999 821 operis
1024 756 1098 822 pars
1121 739 1301 824 composita
1323 740 1372 805 sit.

258 843 338 907 Nam
364 840 431 907 sive
461 852 537 926 post
565 849 667 904 totum
698 837 818 906 bellum
844 840 910 924 sive
934 841 1041 906 medio
1065 840 1150 907 bello
1173 843 1292 931 scripta
1315 856 1374 922 est,

258 945 436 1033 putandum
461 953 510 1009 est
532 943 751 1034 Thucydidem
774 945 838 1012 hoc
855 945 928 1012 ioco
944 946 1062 1033 aliquid
1081 947 1121 1012 de
1137 968 1172 1013 se
1188 948 1372 1014 additurum

259 1052 367 1118 fuisse.

342 1157 484 1222 Alterum
507 1164 733 1244 argumentum
756 1155 847 1243 quod
863 1155 997 1222 Ultricus
1020 1177 1060 1222 ex
1084 1156 1185 1222 altero
1201 1157 1371 1244 prooemio

259 1262 349 1352 quod
378 1271 485 1337 vocat,
513 1259 625 1348 petivit
647 1270 696 1325 est
718 1258 794 1336 hoc,
826 1261 914 1348 quod
940 1261 971 1325 in
994 1259 1057 1326 hoc
1079 1260 1210 1327 demum
1234 1263 1373 1350 scriptor

258 1368 333 1434 dicit
354 1366 473 1433 bellum
489 1367 598 1431 XXVII
613 1385 717 1431 annos
740 1375 866 1452 gestum
890 1386 975 1443 esse,
999 1365 1088 1453 quod
1112 1367 1138 1432 si
1161 1376 1263 1432 totum
1288 1388 1372 1454 opus

258 1472 413 1560 incipieus
443 1469 606 1558 cognitum
635 1468 815 1547 habuisset,
847 1469 896 1556 (cf.
919 1491 990 1560 pag.
1016 1471 1087 1556 127)
1112 1471 1178 1557 jam
1207 1473 1240 1536 in
1263 1471 1372 1558 priore

258 1576 428 1665 prooemio
453 1574 594 1641 dixisset.
627 1574 689 1640 Sed
713 1595 775 1662 ego
792 1575 863 1640 dico
881 1597 955 1641 eum
971 1575 1177 1664 incipientem
1194 1597 1260 1642 nou
1276 1586 1373 1662 potu-

257 1683 330 1749 isse.
364 1682 444 1747 Nam
466 1691 501 1744 ut
523 1679 586 1745 hoc
609 1679 737 1754 diceret,
759 1679 787 1744 ei
812 1701 895 1767 opus
919 1701 992 1747 esse
1014 1679 1114 1746 visum
1131 1690 1181 1746 est
1196 1701 1372 1766 exponere,

259 1807 324 1876 quo
356 1786 455 1852 modo
479 1782 587 1870 viginti
610 1793 737 1870 septem
761 1785 834 1850 anni
857 1784 931 1852 belli
955 1785 1191 1860 invenirentur,
1225 1785 1372 1871 quando-

259 1891 391 1980 quidem
413 1908 477 1953 non
501 1887 651 1953 omnibns
674 1888 722 1954 his
743 1890 835 1954 annis
852 1888 974 1955 beilum
990 1902 1117 1978 gestum
1133 1899 1191 1956 est.
1225 1889 1273 1954 hd
1289 1888 1373 1955 hanc

258 2007 366 2061 autem
395 1992 633 2078 expositionem
663 1992 754 2060 facile
783 1994 1032 2082 intellegendam
1057 2017 1140 2082 opus
1165 2005 1214 2061 est
1236 2015 1294 2060 eos
1318 1994 1372 2082 qui

258 2101 328 2188 ejus
352 2098 566 2166 narrationem
589 2098 708 2186 legunt,
732 2110 764 2165 et
785 2101 926 2186 priorem
945 2111 1071 2187 partem
1088 2098 1162 2164 belii
1178 2099 1372 2188 cognovisse

259 2218 292 2274 et
313 2227 426 2295 pacem
449 2226 511 2292 qua
533 2201 620 2269 finita
643 2215 701 2280 est,
723 2203 929 2294 indutiasque
952 2226 1035 2294 quae
1056 2224 1126 2271 eam
1143 2213 1273 2272 secutae
1289 2214 1372 2269 sunt.

258 2315 290 2379 Si
320 2314 414 2401 igitur
442 2309 644 2400 Thucydides
675 2310 705 2374 in
736 2310 906 2398 prooemio
939 2311 1047 2397 operis
1079 2309 1156 2375 iliud
1191 2310 1232 2376 de
1265 2308 1371 2395 spatio

258 2419 366 2484 XXVil
389 2436 548 2482 annorum
572 2415 786 2489 disseruisset,
809 2438 892 2503 opus
910 2415 967 2480 suit
982 2412 1129 2502 pluribus
1146 2412 1253 2479 verbis
1270 2434 1371 2501 expo-

259 2544 353 2599 nere,
383 2541 449 2610 quo
479 2518 579 2583 modo
610 2515 731 2583 bellum
759 2530 886 2606 gestum
909 2519 950 2586 sit
972 2539 1105 2606 quoque
1129 2519 1229 2585 modo
1253 2510 1370 2585 sactum

258 2628 312 2705 sit,
341 2637 376 2692 ut
403 2626 700 2708 interrumperetur.
746 2625 824 2689 Eum
847 2634 955 2690 antem
978 2623 1040 2690 hoc
1062 2624 1201 2690 maxime
1223 2623 1372 2699 evitasse,
1421 2625 1425 2634 '

259 2752 368 2799 neres
385 2730 474 2819 prius
491 2738 643 2803 narraret,
658 2748 754 2816 quam
771 2729 817 2795 eis
835 2750 917 2818 quae
937 2730 1176 2807 antecederent,
1198 2751 1237 2796 ex
1255 2729 1369 2795 ordine

257 2849 442 2925 temporum
466 2831 599 2899 narratis
623 2831 776 2921 deinceps
799 2836 839 2900 ad
860 2857 914 2902 eas
931 2834 1142 2921 pervenisset,
1164 2855 1204 2900 ex
1221 2832 1370 2900 omnibus

257 2944 328 3031 ejus
352 2939 460 3028 operis
482 2936 628 3025 partibus
650 2938 692 3003 ita
715 2938 828 3014 elucet,
851 2949 887 3004 ut
909 2960 1043 3006 necesse
1067 2960 1133 3005 non
1149 2939 1188 3004 sit
1204 2939 1370 3005 honorem

257 3047 404 3134 pluribus
435 3042 541 3110 verbis
570 3043 783 3131 comprobari,
836 3046 942 3124 Quare
973 3055 1006 3110 ut
1038 3044 1169 3111 demum
1203 3044 1235 3108 in
1268 3043 1370 3109 attero

258 3151 428 3237 prooemio
459 3149 549 3238 quod
579 3160 694 3215 vocant
723 3151 862 3236 spatium
892 3149 966 3216 belli
1001 3151 1139 3226 diceret,
1173 3150 1243 3236 ejus
1279 3170 1369 3214 more

258 3256 406 3322 narrandi
422 3254 549 3320 videtur
565 3255 681 3321 sactum
700 3275 781 3331 esse,
797 3277 863 3321 non
880 3276 929 3335 eo,
953 3256 1042 3343 quod
1059 3255 1148 3342 prius
1164 3254 1370 3342 prooemium

257 3358 401 3426 scribens
425 3369 528 3425 totum
552 3357 672 3425 bellum
695 3360 840 3426 nondum
863 3375 1067 3449 cognoverat.

342 3464 481 3529 Tertium
513 3475 738 3552 argumentum
767 3464 808 3531 ab
843 3466 957 3532 Ulirico
992 3487 1033 3532 ex
1065 3466 1236 3554 prooemio
1269 3464 1370 3531 altero

256 3569 450 3656 petitumid
481 3579 546 3646 est,
576 3571 664 3656 quod
688 3570 892 3661 Thucydides
922 3570 954 3634 in
983 3591 1023 3635 e0
1051 3580 1083 3635 et
1106 3571 1252 3637 exsilium
1275 3593 1369 3638 suum

256 3684 507 3754 commemorat,
537 3675 626 3762 quod
650 3675 681 3740 in
704 3676 812 3763 priore
835 3696 902 3741 non
925 3675 1205 3752 commemoravit,
1234 3686 1267 3742 et
1288 3672 1370 3755 οἷκρὶ-

257 3785 340 3861 βειαν
362 3778 470 3844 denuo
494 3779 673 3866 pollicetur.
725 3789 828 3869 Atque
857 3777 1003 3847 exsilium
1033 3779 1164 3867 quidem
1195 3792 1286 3868 putat
1308 3780 1371 3845 Uli-

255 3882 339 3949 ricus
362 3904 454 3961 eum,
476 3885 502 3952 si
525 3885 614 3972 prius
636 3885 841 3972 prooemium
862 3883 1013 3950 scribenti
1026 3885 1092 3970 jam
1108 3883 1232 3951 finitum
1248 3885 1371 3959 fuisset,

251 3988 318 4074 jam
340 3999 408 4054 tum
430 4002 758 4057 commemoraturum
780 3990 887 4056 inisse.
931 3990 970 4053 ht
993 3988 1065 4054 huic
1087 3991 1266 4057 sententiae
1289 4010 1370 4078 quo-n

254 4085 360 4160 minus
382 4095 552 4170 assentiar,
575 4096 743 4183 impedior,
764 4095 791 4160 si
815 4115 939 4159 mecum
963 4104 1099 4181 reputc,
1122 4115 1187 4182 qua
1210 4093 1251 4158 de
1273 4111 1368 4158 eausa
