3262 4752
758 276 1058 354 -ac-‘

306 471 399 540 dides
429 470 491 537 hoe
522 470 709 548 discrimen,
739 470 829 558 quod
862 491 902 536 ne
926 469 1016 536 Attici
1047 470 1194 559 quidem,
1223 471 1283 538 nisi
1313 471 1419 538 abeo

307 575 515 655 docebantur,
531 575 685 663 suspicari
704 585 864 663 poterant,
885 573 1056 652 statuisset,
1079 587 1334 644 consentaneum
1350 585 1420 643 erat

306 702 381 748 eum
403 681 435 747 in
457 680 628 768 prooemio
651 680 766 769 prioris
789 678 863 746 belli
886 677 985 766 partis
1008 679 1071 746 hoc
1085 679 1273 770 significare,
1293 682 1361 748 sive
1376 681 1420 747 ita

308 797 344 852 ut
365 785 521 854 scriberet
543 783 668 866 ἄρχεται
689 786 811 852 ἐνθένδε
832 787 848 848 ὁ
868 781 996 862 πόλεμος
1015 775 1064 851 ὅδε
1086 796 1118 851 et
1140 809 1193 875 qn.
1215 809 1321 876 sequ,
1350 789 1419 854 sive

306 891 406 957 modo
429 890 525 956 etiam
547 890 648 978 magis
671 889 853 978 perspicuo.
905 890 999 968 Quod
1023 911 1095 956 oum
1120 913 1193 958 eum
1215 914 1281 959 non
1303 892 1419 960 secisse

304 995 487 1074 videamuS,
517 1017 558 1062 ne
590 996 621 1061 id
646 995 778 1084 quidem
801 1004 914 1082 putare
937 1016 1112 1082 possumus
1135 997 1353 1088 Thucydidem
1375 997 1419 1064 ita

303 1100 388 1168 inter
409 1122 445 1166 se
468 1100 659 1168 discrevisse
681 1097 697 1164 ὁ
717 1102 843 1179 πόλεμος
863 1097 912 1165 dcc
934 1110 965 1165 et
987 1097 1037 1165 ὅδε
1057 1096 1073 1162 ὅ
1094 1101 1230 1182 πόλεμος.

390 1205 518 1272 Accedit
541 1206 631 1294 quod
653 1203 808 1284 ὃπόλεμος
824 1204 881 1287 ὅδε,
904 1226 970 1293 quo
993 1204 1162 1273 Herbstius
1187 1207 1326 1294 priorem
1342 1204 1418 1272 belli

305 1321 431 1398 partem
446 1308 654 1400 significatam
670 1330 743 1376 esse
760 1319 859 1396 putat,
876 1330 940 1376 non
957 1310 1063 1376 solum
1077 1310 1108 1376 in
1125 1312 1306 1384 narratione
1322 1310 1418 1398 hujus

304 1413 480 1492 invenitur,
509 1416 570 1482 sed
600 1415 694 1482 etiam
724 1414 753 1480 in
784 1413 965 1480 narratione
988 1415 1100 1482 tertiae
1123 1415 1197 1482 belli
1220 1415 1332 1504 partis,
1363 1413 1418 1481 ubi

304 1516 471 1586 Herbstius
501 1519 584 1587 hano
612 1520 715 1608 ipsam
746 1517 954 1608 significatam
983 1541 1057 1587 esse
1085 1531 1184 1607 putat.
1237 1521 1316 1588 Cum
1337 1541 1417 1587 vero

303 1622 442 1710 scriptor
462 1623 546 1690 hanc
569 1645 729 1713 nosquam
751 1645 769 1689 a
792 1624 918 1713 reliquo
942 1622 1027 1690 hello
1050 1625 1235 1712 sejunxerit,
1260 1628 1319 1693 sed
1342 1626 1418 1693 belli

303 1729 394 1795 annis
425 1750 485 1816 per·
517 1750 631 1796 omnes
655 1728 731 1796 belli
755 1738 863 1816 partes
887 1750 950 1795 uno
975 1729 1088 1794 ordine
1111 1730 1284 1796 numeratis
1308 1740 1417 1798 osten·

303 1833 386 1899 derit
407 1855 444 1900 se
468 1833 550 1900 velle
572 1844 676 1900 totum
700 1832 819 1899 bellum
843 1855 903 1921 pro
926 1855 993 1898 uno
1015 1832 1142 1910 haberi,
1166 1834 1238 1925 quis
1261 1835 1321 1902 sibi
1343 1858 1417 1923 per-

303 1935 442 2004 suadere
473 1948 598 2024 potest,
630 1938 655 2004 si
685 1938 716 2001 in
748 1938 840 2005 tertia
863 1937 937 2004 belli
961 1948 1051 2024 parte
1076 1936 1092 2002 ὁ
1112 1941 1238 2020 πόλεμος
1258 1939 1307 2007 ὅᾶε
1329 1963 1418 2008 com-

302 2051 511 2119 memoretur,
534 2063 608 2107 eum
632 2040 810 2130 significare
832 2041 914 2108 hanc
936 2043 1061 2126 tertiam
1085 2045 1231 2131 partem?

387 2147 526 2214 Tertium
548 2157 776 2236 argumentum
799 2168 865 2236 quo
888 2146 1071 2214 Herbstium
1093 2149 1284 2227 refellimus,
1310 2150 1343 2216 id
1367 2161 1418 2218 est

302 2253 391 2340 quod
408 2251 627 2342 Thucydidem
645 2251 794 2319 omnibus
810 2251 898 2329 locis,
920 2251 1038 2341 quibus
1054 2273 1106 2319 res
1122 2275 1188 2319 uno
1204 2275 1289 2322 anno
1309 2266 1416 2344 gestas

224 2418 229 2428 ,
301 2356 478 2435 concludit,
508 2357 535 2424 si
565 2378 746 2445 pronomen
776 2357 879 2434 addit,
909 2357 1046 2423 formula
1070 2358 1167 2424 utitur
1189 2360 1417 2434 inclementem

300 2461 354 2526 rori
369 2467 498 2542 πολέμσυ
512 2463 601 2528 τοῦδε
616 2461 682 2528 sive
698 2463 741 2546 τῷ
755 2468 874 2545 πολέμῳ
889 2463 965 2546 τῷδε
978 2463 1014 2528 ὃν
1030 2471 1213 2545 Θουκυδίδης
1226 2468 1415 2551 ξυνέγραψεν.

301 2563 333 2628 Si
361 2563 457 2652 igitur
485 2576 574 2632 recte
600 2567 778 2652 judicasset
807 2565 974 2633 Herbstius
1002 2566 1220 2658 Thucydidem
1252 2570 1416 2640 vocabulis

301 2665 317 2734 ὅ
338 2669 463 2749 πόλεμος
484 2668 534 2734 dte
555 2669 751 2758 significasse
774 2671 913 2760 singulas
936 2670 1031 2737 trium
1055 2671 1129 2738 belli
1152 2673 1297 2760 partium,
1321 2695 1416 2742 voca-

302 2771 379 2838 bulo
394 2771 445 2839 ὅῠε
459 2770 475 2838 ὁ
489 2777 615 2856 πόλεμος
630 2786 733 2842 totum
753 2774 881 2853 bellum,
905 2777 976 2865 quis
1000 2775 1125 2844 dubitet
1148 2778 1224 2866 quio
1247 2779 1280 2844 in
1304 2803 1415 2847 nume-

302 2879 411 2946 randis
432 2875 533 2957 annis,
556 2880 611 2969 qui
625 2903 686 2969 per
701 2892 832 2947 totum
848 2880 971 2948 bellum
986 2904 1051 2949 uno
1069 2883 1181 2949 ordine
1198 2896 1416 2964 numerantur,

302 2983 492 3052 vocabulum
521 2982 571 3052 ὅῠε
592 2982 609 3051 ὅ
630 2986 753 3067 πόλεμος
782 3007 819 3052 ao
848 3008 914 3053 non
943 2982 1104 3068 ὁπόλεμος
1124 2985 1174 3052 ὅδε
1202 3001 1414 3076 usurpaturus

299 3090 404 3158 fuerit.
448 3092 543 3170 Quod
566 3113 640 3158 cum
663 3113 729 3158 oon
751 3091 863 3159 fecerit
884 3091 943 3157 sed
968 3113 1135 3180 semper
1156 3092 1254 3160 altera
1277 3095 1414 3161 formula

300 3207 417 3274 utatur,
439 3196 625 3264 Herbstium
648 3217 714 3263 non
737 3205 823 3263 recte
847 3196 1038 3264 discrevisse
1059 3195 1076 3262 ὅ
1096 3200 1222 3275 πόλεμος
1243 3197 1291 3264 ὅδε
1314 3210 1345 3266 et
1366 3199 1415 3266 tae

299 3297 463 3380 ὅπόλεμος
484 3302 664 3389 putandum
695 3311 753 3368 est.
805 3302 960 3380 Quartum
993 3303 1024 3368 id
1053 3301 1203 3369 Herbstio
1232 3303 1413 3370 concedere

301 3425 365 3471 non
388 3425 539 3492 possum,
575 3407 666 3496 quod
693 3405 769 3473 dicit
791 3405 1009 3497 Thucydidem
1034 3404 1108 3472 belli
1131 3407 1268 3494 primam,
1289 3423 1415 3496 partem

298 3509 493 3578 scribentem
517 3523 690 3600 propterea
706 3511 781 3578 belli
796 3511 1014 3598 posteriorum
1030 3523 1215 3599 temporum
1232 3534 1298 3579 non
1313 3512 1415 3580 habo-

297 3616 362 3684 isse
389 3616 566 3698 rationem,
597 3617 686 3706 quod
716 3616 795 3684 haec
821 3617 898 3685 satis
921 3617 1024 3705 gravis
1048 3637 1085 3682 ac
1107 3617 1201 3705 digna
1225 3617 1253 3682 ei
1276 3618 1342 3684 visa
1364 3617 1413 3696 sit,

299 3743 383 3811 quae
406 3743 466 3809 pro
492 3744 556 3788 uno
580 3720 667 3788 bello
690 3720 864 3788 haberetur
887 3732 919 3789 et
942 3743 1002 3808 per
1017 3743 1053 3788 se
1069 3720 1183 3808 reliqui
1198 3720 1273 3787 belli
1290 3722 1412 3788 ratione

297 3847 363 3892 non
392 3826 497 3893 habita
526 3837 724 3894 tractaretur.
773 3826 888 3894 Nonne
919 3825 1004 3892 enim
1028 3836 1077 3893 est
1098 3824 1276 3893 absordum
1299 3837 1413 3914 putare

296 3932 501 4016 scriptorem,
533 3931 588 4022 qui
617 3932 647 3996 in
678 3930 760 3997 libro
791 3932 896 4019 primo
928 3931 969 3997 de
999 3942 1089 3997 toto
1112 3929 1199 3996 bello
1222 3942 1311 4020 agat,
1342 3933 1412 4017 ejus

298 4037 551 4124 magnitudinem
574 4058 647 4104 cum
671 4036 807 4103 aliorum
828 4036 985 4103 bellorum
1002 4035 1220 4124 magnitudine
1235 4048 1412 4123 comparet,

297 4142 379 4207 mala
392 4163 475 4231 quae
488 4141 572 4209 inter
584 4153 623 4208 to
634 4153 672 4208 tu
682 4164 715 4207 m
727 4141 849 4208 bellum
860 4141 892 4207 in
904 4143 1046 4208 Graecos
1057 4139 1234 4216 inciderint,
1244 4149 1413 4206 enumeret
