3262 4752
722 267 932 328 ..10-

275 467 402 513 causam
431 467 496 510 nou
531 443 646 520 luisse,
680 445 768 532 quod
800 443 954 509 memoria
983 442 1059 510 belli
1091 445 1247 512 Deceleici
1280 447 1311 512 in
1344 470 1384 514 eo

274 549 436 616 recentior
458 560 490 615 et
512 549 638 637 gravior
659 563 736 625 erat,
757 571 831 615 cum
853 549 931 615 haec
954 548 1050 615 verba
1065 550 1239 638 relegebat.
1273 553 1384 641 ltaque

273 656 340 719 veri
367 654 469 720 simile
498 666 548 721 est
576 651 632 720 has
663 673 715 720 res
747 655 894 742 proximo
928 664 1076 742 tempore
1109 666 1216 744 gestas
1250 657 1280 722 in
1313 657 1384 744 ejus

274 760 462 825 memoriam
491 760 632 837 redisse,
661 781 734 826 cum
757 761 902 846 priorum
924 771 1108 847 temporum
1131 783 1184 828 res
1206 761 1383 839 similes,

274 885 355 952 quas
385 865 455 952 ipse
486 879 686 942 narraverat,
715 865 881 954 relegeret.
933 865 986 930 Sin
1016 876 1124 931 autem
1146 866 1302 954 relegenti
1323 867 1384 934 hae

272 990 324 1035 res
347 969 565 1057 posteriorum
587 970 661 1036 belli
683 982 867 1058 temporum
889 971 921 1036 in
945 971 1133 1036 memoriam
1154 982 1322 1038 revocatae
1338 973 1384 1040 eis

272 1096 453 1162 repugnare
483 1077 568 1142 visae
598 1092 724 1154 essent,
755 1097 838 1164 quae
868 1075 956 1162 prius
989 1076 1196 1153 narravisset,
1231 1082 1303 1166 quis
1334 1090 1385 1145 est

274 1180 329 1268 qui
356 1190 448 1266 putet
478 1203 551 1248 eum
591 1181 650 1248 hos
688 1181 778 1247 locos
815 1192 1033 1247 correcturum
1071 1203 1136 1246 non
1171 1182 1286 1259 luisse,
1324 1184 1385 1250 nisi

272 1297 358 1350 certa
380 1306 476 1351 causa
500 1309 572 1352 eum
595 1286 771 1353 retineret?
807 1288 892 1352 Haeo
913 1301 1020 1352 autem
1043 1286 1129 1351 nulla
1150 1285 1250 1352 luisse
1265 1297 1384 1372 potest,

273 1388 332 1456 nisi
356 1390 444 1479 quod
469 1413 534 1458 555
557 1392 662 1458 solum
685 1392 818 1456 alteram
841 1391 1040 1457 invasionem
1063 1391 1122 1457 scd
1138 1411 1251 1458 omnes
1268 1392 1383 1478 prioris

271 1493 347 1560 belli
362 1516 435 1561 cum
450 1495 668 1563 invasionibus
681 1497 869 1584 posterioris
884 1517 1073 1582 comparare
1090 1495 1276 1572 nolebat,
1293 1497 1382 1586 quod

271 1619 392 1686 genere
413 1621 474 1666 suo
498 1601 624 1688 priores
646 1623 664 1666 a
686 1602 853 1669 Deceleica
876 1603 1018 1668 diversas
1041 1622 1114 1668 esse
1137 1600 1277 1687 putabat.
1315 1603 1383 1668 Hoc

271 1714 377 1770 autem
401 1705 427 1771 si
450 1716 585 1781 constat,
607 1704 713 1772 verbis
735 1707 773 1785 τῇ
795 1711 828 1771 δὲ
846 1707 954 1792 ἐσβολῇ
968 1708 1063 1786 ταύτῃ
1077 1707 1216 1772 πλεῖστόν
1230 1731 1263 1772 τε
1277 1709 1385 1788 χρόνον

270 1811 419 1889 ἐνέμειναν
431 1811 468 1894 (ll
480 1819 529 1887 57,
541 1816 571 1894 2)
585 1810 790 1897 comprobari
803 1820 868 1876 non
882 1821 991 1898 potest
1003 1811 1224 1901 Thucydidem
1239 1813 1381 1898 priorem

271 1913 344 1980 belli
379 1926 502 2000 partem
532 1915 758 2002 descripsisse,
790 1917 977 2004 priusquam
1006 1916 1136 1982 alteram
1166 1919 1381 2004 cognovisset.

272 2020 336 2086 Sed
370 2020 412 2084 ita
442 2018 651 2105 judicandum
686 2031 750 2087 est:
784 2020 811 2086 si
844 2021 938 2088 certis
971 2021 1038 2088 aliis
1067 2021 1170 2088 causis
1199 2020 1382 2088 efficeretur

270 2123 489 2214 Thucydidem
513 2145 553 2191 eo
576 2134 733 2212 tempore,
756 2147 822 2214 quo
838 2126 905 2192 vult
920 2127 1063 2204 Ullricus
1085 2148 1168 2214 opus
1184 2149 1277 2193 suum
1294 2147 1383 2193 com-

270 2229 435 2316 posuisse,
464 2229 515 2296 hic
535 2230 625 2297 locus
648 2251 713 2296 non
738 2230 883 2298 obstaret
904 2231 977 2298 huic
998 2232 1186 2298 sententiae.
1230 2233 1278 2298 nd
1301 2231 1383 2298 hanc

269 2345 376 2402 autem
404 2335 681 2422 comprobandam
713 2337 788 2403 nibil
818 2338 909 2404 valet.
961 2339 1042 2403 Num
1074 2349 1180 2404 autem
1203 2337 1271 2404 aliis
1293 2337 1381 2414 locis,

269 2461 309 2505 ex
339 2439 457 2528 quibus
487 2440 619 2508 Ullricus
648 2453 836 2530 argumenta
867 2463 926 2508 sua
958 2443 1085 2530 petivit,
1118 2443 1189 2528 ejus
1222 2443 1382 2509 sententia

269 2545 369 2633 magis
392 2543 610 2618 confirmetur,
632 2567 718 2612 nunc
739 2547 915 2612 videamus.

352 2650 389 2714 lli
410 2649 505 2738 igitur
528 2671 641 2717 omues
664 2661 795 2738 praeter
816 2653 1012 2719 55551126
1034 2671 1074 2717 ex
1097 2660 1249 2738 quattuor
1271 2653 1381 2739 primis

268 2753 357 2822 libris
374 2755 465 2842 petiti
480 2765 564 2832 sunt,
588 2777 671 2845 quos
687 2757 820 2824 Ullricus
837 2757 968 2846 quidem
985 2778 1002 2822 a
1018 2755 1204 2846 Thucydide
1221 2758 1381 2844 perlectos

269 2881 342 2926 esse
373 2880 437 2925 non
466 2858 652 2938 arbitratur,
674 2863 732 2928 sed
764 2884 906 2929 omnes
927 2861 1076 2928 arbitrati
1105 2872 1194 2936 sunt,
1225 2863 1280 2951 qui
1310 2865 1381 2950 ejus

269 2965 458 3032 sententiam
489 2965 589 3033 secuti
617 2979 700 3033 sunt.
746 2970 787 3033 dc
813 2977 901 3034 recte
925 2967 1055 3054 quidem
1078 2966 1109 3031 hi
1133 2965 1207 3031 mihi
1231 2967 1381 3033 videntur

267 3070 392 3138 fecisse.
429 3073 508 3137 Nam
532 3093 603 3138 cum
628 3095 668 3138 ex
690 3071 769 3138 locis
791 3071 851 3138 illis
874 3071 944 3137 libri
966 3074 992 3137 ll
1015 3074 1066 3157 (65
1083 3083 1115 3137 et
1133 3072 1203 3158 100)
1226 3082 1380 3160 appareat

268 3175 489 3264 Thucydidem
517 3196 555 3242 ea
579 3197 663 3264 quae
685 3188 799 3242 sunta
822 3177 925 3264 capite
948 3185 987 3245 55
1012 3198 1115 3265 usque
1139 3177 1179 3243 ad
1204 3183 1279 3260 too,
1307 3197 1380 3263 per-

267 3279 399 3368 legisse,
430 3281 498 3347 5155
521 3281 646 3347 ratione
669 3291 800 3367 putatur
820 3281 944 3370 reliqua
967 3304 1031 3348 non
1055 3282 1239 3370 perlegisse.
1290 3282 1379 3361 Quae

267 3385 353 3450 enim
376 3405 470 3452 causa
486 3387 667 3475 ¹excogitari
689 3396 807 3473 potest,
831 3407 894 3473 qua
915 3387 1074 3453 adductus
1090 3385 1138 3462 sit,
1162 3395 1196 3450 ut
1211 3384 1293 3452 hauc
1307 3406 1379 3473 par-

265 3499 331 3553 tem
354 3488 524 3576 relegeret,
545 3490 629 3557 illam
646 3513 710 3558 uon
726 3491 893 3579 relegeret.
931 3494 1043 3581 ltaque
1059 3501 1147 3558 recte
1164 3490 1238 3556 mihi
1254 3491 1381 3558 videtur

268 3593 344 3660 Otto
361 3591 484 3660 Gilbert
506 3595 537 3660 in
560 3595 675 3663 lndicis
697 3596 879 3686 philologici
903 3617 1001 3686 quem
1023 3607 1141 3662 vocant
1160 3596 1323 3663 volumine
1339 3598 1379 3661 111

266 3720 324 3766 eos
347 3699 505 3776 laudasse,
529 3701 583 3789 qui
606 3722 679 3768 cum
699 3702 849 3769 Ullricum
872 3713 1058 3790 sequantur,
1081 3701 1213 3790 vestigia
1235 3702 1379 3789 reperire

265 3804 372 3870 conati
394 3815 479 3878 sunt,
501 3825 542 3870 ex
558 3804 676 3893 quibus
692 3817 847 3892 appareat
862 3806 1082 3896 Thucydidem
1099 3806 1287 3894 priusquam
1304 3803 1379 3871 belli

264 3907 395 3974 alteram
419 3919 542 3996 partem
564 3909 736 3987 scriberet,
759 3911 864 3976 omnia
889 3933 973 4000 quae
996 3914 1085 4000 prius
1107 3910 1303 3997 scripsisset,
1330 3931 1380 3976 re-

266 4012 393 4101 legisse.
443 4016 559 4081 Tamen
592 4015 621 4080 hi
653 4015 709 4081 viri
740 4037 804 4082 555
834 4016 965 4104 paulum
994 4018 1068 4083 mihi
1100 4016 1249 4082 videntur
1276 4014 1379 4082 Ullrici

264 4117 457 4184 sententiam
479 4119 698 4186 labefactasse.
