3262 4752
694 289 904 348 ..9-

245 487 284 533 ne
300 465 518 555 Thucydidem
544 487 628 552 opus
643 465 732 553 prius
748 467 966 554 couscriptum
981 477 1057 554 post
1073 477 1262 535 retractasse
1281 490 1357 534 con-

244 572 345 638 cedat.
400 571 480 636 Nam
511 570 590 637 haec
619 593 671 638 res
701 593 856 639 concessa
890 573 1040 640 multum·
1061 573 1180 640 valeret
1212 573 1253 639 ad
1287 574 1357 660 ejus

245 675 438 744 sententiam
460 676 723 743 labefactandam.
760 677 885 743 Etenim
908 679 934 744 si
956 678 1062 744 solum
1084 678 1220 744 alterum
1242 677 1358 745 librum

245 781 465 872 Thucydidem
496 781 604 848 denuo
627 769 803 872 perlegisse
827 793 993 866 putamus,
1023 784 1130 850 faeere
1153 806 1219 851 non
1240 805 1358 872 possu-

246 911 331 966 mus,
355 887 432 977 quin
454 888 671 954 concedamus
694 909 769 954 eum
792 889 948 975 plurimos
972 910 1085 955 eorum
1107 889 1253 956 locorum
1277 890 1358 955 rele-

245 995 338 1082 gisse,
362 992 479 1081 quibus
502 993 640 1059 maxime
656 993 788 1061 Ullricus
811 994 1003 1060 sententiam
1020 1015 1113 1060 suam
1127 995 1215 1060 lulsit
1230 1014 1267 1060 ee
1281 1015 1358 1080 con-

245 1097 389 1165 firmavit.
427 1100 531 1186 Atque
548 1098 668 1165 etiamsi
692 1098 857 1164 initium
879 1098 974 1186 hujus
997 1097 1067 1164 libri
1090 1121 1165 1165 eum
1188 1121 1254 1166 non
1276 1099 1358 1165 rele-
1451 1157 1456 1165 .

246 1205 336 1292 gissa
353 1212 514 1289 putemne,
536 1212 643 1268 temen
667 1203 744 1291 quin
767 1225 805 1270 ea
829 1224 912 1293 quae
928 1215 1036 1272 sunta
1051 1224 1119 1291 cap.
1136 1213 1186 1282 55,
1207 1213 1359 1270 retracta-

247 1308 335 1382 verit,
359 1306 408 1372 vix
431 1307 603 1396 quisquam
626 1306 772 1374 dubitare
796 1320 912 1396 potest.
949 1310 1029 1375 Nam
1053 1331 1125 1377 cum
1148 1311 1228 1378 1165
1251 1308 1359 1375 illude

246 1411 368 1480 Pericle
391 1412 534 1488 adderet,
558 1433 693 1478 necesse
716 1412 773 1478 luit
796 1437 869 1480 eum
893 1435 976 1503 quae
996 1416 1225 1482 antecederent
1240 1435 1361 1502 cogno-

247 1519 340 1593 visse,
364 1516 632 1606 quandoquidem
654 1539 750 1584 nemo
771 1520 839 1586 sine
857 1520 1040 1608 cognitione
1057 1542 1171 1586 eorum
1187 1540 1270 1609 quae
1286 1530 1360 1586 ante

247 1634 323 1690 sunt
338 1623 430 1700 dicta,
445 1622 523 1689 recti
539 1623 710 1712 quiequam
727 1624 884 1690 inculcare
897 1636 1015 1711 potest.
1048 1626 1102 1692 Sin
1114 1641 1222 1692 autem
1235 1634 1362 1690 constat

248 1728 438 1815 scriptorem
462 1747 499 1794 ea
523 1749 605 1817 quae
621 1749 639 1794 a
655 1749 723 1816 cap.
740 1738 779 1797 55
803 1741 878 1796 sunt
901 1742 1034 1808 narrata,
1056 1731 1243 1820 perlegisse,
1265 1730 1360 1797 etiam

217 1844 223 1852 ·
247 1833 278 1900 id
309 1854 384 1899 eum
406 1833 584 1921 perlegisse
607 1835 855 1901 concedendum
878 1847 943 1912 est,
967 1857 1033 1925 quo
1058 1857 1122 1902 non
1145 1835 1275 1901 minime
1299 1834 1361 1901 Ull-

248 1939 331 2006 ricus
354 1938 545 2005 sententiam
569 1959 658 2005 suam
682 1938 891 2007 confirmavit.
945 1941 1057 2006 Narrat
1079 1941 1165 2007 enim
1187 1961 1256 2028 cap.
1272 1949 1321 2018 57,
1341 1949 1360 2007 2

249 2043 523 2130 Peloponnesios,
545 2065 618 2111 cum
641 2045 755 2110 iterum
778 2045 809 2110 in
833 2044 966 2112 Atticam
989 2046 1194 2120 invasissent,
1217 2045 1363 2132 longissi-

250 2175 337 2218 mum
368 2164 497 2238 tempus
526 2149 569 2215 ihi
600 2149 762 2216 mansisse,
777 2150 801 2234 3)
846 2153 890 2216 Ex
912 2150 961 2217 his
984 2151 1078 2239 igitur
1101 2150 1206 2217 verbis
1229 2150 1362 2216 Ullricus

250 2257 406 2325 conclusit
421 2254 640 2346 Thucydidem
657 2255 736 2321 haec
751 2255 945 2322 scribentem
965 2253 1126 2340 posterius
1143 2253 1273 2331 bellum,
1297 2275 1362 2342 quo

250 2361 493 2430 Lacedaemonii
526 2361 695 2426 Deceleam
727 2361 987 2446 occupavissent,
1020 2359 1183 2448 cognitum
1217 2359 1363 2424 nondum

250 2467 412 2535 habuisse.
449 2468 527 2532 Nam
552 2465 576 2532 si
601 2465 684 2531 illam
707 2465 837 2554 longam
860 2465 1069 2539 invasionem,
1094 2485 1190 2554 quam
1212 2475 1244 2529 et
1259 2464 1362 2552 ipsam

250 2572 454 2663 Thucydides
470 2571 628 2637 vocabulo
644 2570 753 2654 ἕσρολή
768 2569 999 2659 significaverit,
1018 2569 1178 2658 cognitam
1190 2568 1364 2646 habuisset,

250 2678 333 2745 hane
355 2677 485 2744 alteram
510 2699 575 2742 non
598 2675 817 2763 longissimam
841 2697 915 2741 eum
939 2675 1097 2768 dicturum
1120 2675 1228 2742 luisse.
1279 2677 1365 2741 llaec

251 2784 355 2851 Ullrici
384 2781 548 2850 conclusio
579 2782 725 2869 quamvis
756 2779 931 2867 probabilis
962 2781 1107 2847 videatur
1135 2802 1225 2858 esse,
1255 2791 1363 2846 tamen

251 2889 469 2964 labefactatur,
491 2887 517 2954 si
539 2885 634 2952 nobis
657 2886 909 2973 persuademus
938 2887 1129 2972 scriptorem
1151 2885 1237 2951 hunc
1258 2885 1364 2952 locum

253 3006 328 3082 post
361 3002 463 3058 totum
495 2990 615 3057 bellum
645 2991 816 3078 relegisse,
850 3012 915 3078 quo
948 2990 1079 3078 quidem
1109 3000 1258 3078 tempore
1287 2989 1365 3056 illud

254 3099 374 3166 bellum
390 3096 594 3163 Deceleicum
612 3097 700 3183 quod
719 3105 842 3172 vocant,
865 3116 930 3162 non
954 3094 1060 3161 solum
1084 3117 1149 3160 non
1172 3095 1367 3182 ignoraverit

253 3207 311 3274 sed
343 3205 438 3271 etiam
468 3223 527 3289 pro
558 3212 649 3288 parte
680 3201 777 3268 totius
808 3199 883 3266 belli
911 3199 1059 3266 habuerit
1082 3199 1132 3286 (ol.
1157 3199 1227 3265 Ullr.
1252 3221 1281 3286 p.
1307 3207 1363 3266 141

252 3312 343 3392 inlr).
396 3310 512 3374 Nonne
541 3307 626 3372 enim
656 3328 715 3393 par
745 3316 829 3383 erat,
860 3305 886 3370 si
916 3305 1004 3392 prius
1026 3305 1145 3393 scripta
1168 3302 1368 3392 perlegisset,

252 3438 326 3481 eum
349 3411 510 3499 corrigere
534 3433 581 3484 ea,
604 3433 687 3500 quae
711 3412 751 3477 de
773 3410 881 3497 priore
904 3409 1071 3476 invasione
1093 3410 1174 3476 falsu
1194 3409 1277 3476 dicte
1293 3429 1366 3475 esse

252 3518 454 3592 videbantur,
476 3515 627 3604 quoniam
651 3514 853 3603 temporibus
877 3512 1113 3602 posterioribus
1128 3512 1366 3580 refellebantur.

254 3627 290 3691 Ut
313 3635 421 3692 tamen
444 3622 476 3688 id
500 3643 565 3686 non
588 3620 716 3698 laceret,
740 3621 875 3686 duarum
898 3640 1065 3688 causarum
1081 3619 1230 3686 alterutra
1249 3619 1367 3684 lactum

252 3751 326 3797 esse
356 3737 498 3817 poterat,
528 3737 582 3791 aut
610 3725 826 3814 neglegentia,
856 3735 910 3791 aut
941 3724 1030 3814 quod
1060 3722 1196 3810 putabet
1222 3741 1368 3809 eaquae

252 3834 341 3922 prius
365 3832 508 3904 dixisset,
531 3841 618 3897 recte
642 3852 716 3898 esse
739 3831 831 3907 dicta,
855 3829 978 3896 etiamsi
1000 3829 1098 3895 tutius
1121 3828 1196 3895 belli
1211 3834 1250 3893 27
1267 3847 1368 3891 anno-

251 3962 323 4006 rum
346 3939 503 4004 rationem
526 3935 669 4002 haberet.
702 3935 945 4024 Neglegentiem
967 3944 1075 4000 autem
1099 3943 1177 4021 putu
1193 3941 1368 4019 propterea

338 4153 360 4223 Β)
379 4150 410 4225 τῇ
430 4149 459 4206 δὲ
479 4148 579 4222 ἐσβολῇ
598 4146 683 4221 ταύτῃ
701 4145 830 4204 πλεῖστόν
849 4167 876 4201 re
891 4143 995 4223 χρόνον
1014 4147 1162 4216 ἐνέμειναν.
