3262 4752
714 241 923 303 ...8-

352 423 581 501 Quaerendum
604 421 697 508 igitur
720 431 777 493 est,
800 441 866 508 quo
889 418 951 484 alio
975 417 1073 484 modo
1091 418 1228 502 primum
1244 421 1281 485 IV
1296 426 1379 497 48,5

266 527 384 594 deinde
407 527 474 593 aliis
497 526 575 592 Iocis
598 525 674 592 illud
697 521 713 589 ὃ
733 525 862 604 edituos
883 522 933 589 3οε
955 523 1231 610 interpretandum
1255 525 1302 591 sit.
1336 526 1380 590 Ac

267 633 397 699 Classen
421 631 552 720 quidem
569 632 610 698 de
626 640 693 696 toto
719 629 803 696 bello
820 636 858 697 27
883 650 1041 695 annorum
1063 629 1131 694 vult
1154 628 1273 696 dictum
1296 651 1379 697 esse.

183 809 187 816 ,
265 738 330 804 Sed
342 759 415 804 cum
427 735 629 826 Thucydides
643 733 749 800 verhis
761 731 820 798 ὅσα
830 759 863 814 ys
874 736 955 798 noco?
967 737 1018 798 τόν
1029 733 1155 813 πόλεμον
1166 735 1249 800 advoc
1261 755 1379 802 aunum

266 849 327 909 410
354 841 563 928 spectaverit,
593 861 659 929 quo
688 841 890 928 Corcyraeos
921 839 1011 905 novis
1041 839 1208 906 discordiis
1238 840 1380 908 civilibus

267 958 374 1013 motos
406 966 479 1012 esse
503 943 664 1009 Diodorus
687 944 755 1009 XIII
778 951 818 1012 48
841 944 983 1022 tradidit,
1012 966 1053 1010 ne
1076 945 1217 1011 Classeni
1249 947 1382 1034 quidem

267 1050 459 1120 sententiam
490 1047 628 1136 probare
658 1069 849 1135 possumus,
881 1071 965 1137 quae
994 1059 1142 1116 constare
1170 1071 1236 1116 non
1261 1060 1379 1137 potest,

269 1158 328 1224 nisi
358 1155 537 1222 Diodorum
572 1153 625 1219 illo
662 1152 735 1219 loco
769 1153 847 1220 falsa
878 1175 916 1220 ac
946 1152 1018 1220 licta
1046 1175 1194 1222 narrasse
1223 1164 1381 1241 putamus.

270 1261 350 1327 Cum
379 1269 486 1324 autem
517 1258 690 1348 quominus
720 1257 781 1324 hoc
811 1258 1018 1337 arbitremur,
1049 1281 1164 1348 magna
1194 1258 1324 1326 obstent
1345 1281 1383 1327 ac

268 1365 383 1453 gravia,
407 1385 490 1454 quae
505 1363 673 1430 Herbstius
689 1363 765 1429 satis
782 1364 915 1451 copiose
930 1365 960 1430 iu
977 1365 1133 1453 Philologi
1149 1385 1248 1453 quem
1269 1375 1384 1430 vocant

269 1470 332 1535 vol.
348 1470 499 1535 XXXVIII
520 1479 600 1555 part.
617 1468 656 1533 lll
679 1469 838 1555 exposuit,
861 1469 918 1536 alia
941 1490 978 1536 ac
997 1469 1140 1536 Classeni
1161 1469 1383 1555 interpretatio

269 1574 364 1661 hujus
387 1573 448 1639 loci
472 1572 658 1662 quaerenda
681 1583 738 1640 est.

808 1844 852 1916 II.

356 2003 454 2069 Venio
483 2001 522 2066 ad
555 2000 639 2066 duos
670 1998 813 2088 reliquos
843 1998 950 2072 locos,
979 2017 1063 2086 quos
1087 1997 1219 2064 Ullricus
1249 2010 1339 2086 putat
1366 2021 1385 2064 a

273 2106 460 2201 Thucydide
490 2104 577 2171 bello
607 2113 676 2168 toto
704 2103 853 2170 conlecto
877 2102 1004 2168 additos
1028 2123 1117 2183 esse,
1145 2123 1285 2191 quorum
1307 2104 1388 2170 alter

274 2225 323 2280 est
338 2213 370 2278 in
385 2210 438 2276 lib.
457 2213 479 2274 lI
493 2219 543 2287 65,
566 2215 668 2278 5-13
691 2209 772 2275 alter
794 2209 824 2274 in
848 2207 966 2274 eodem
989 2206 1041 2273 lib.
1057 2228 1125 2295 cap.
1145 2215 1212 2286 100,
1235 2215 1261 2274 2.
1297 2209 1388 2275 Prior

273 2319 368 2406 igitur
390 2317 532 2384 continet
554 2314 683 2381 laudem
707 2313 855 2385 Periclis.
885 2313 976 2400 cujus
999 2334 1185 2399 supremam
1208 2316 1387 2383 orationem

273 2423 411 2509 scriptor
433 2421 529 2508 paulo
553 2429 627 2486 ante
650 2419 807 2495 reddidit,
832 2418 1014 2506 posteriore
1037 2427 1143 2484 autem
1167 2421 1278 2505 paucis
1300 2443 1388 2489 com-

275 2537 433 2592 memorat
447 2524 599 2601 Archelai,
615 2525 699 2612 regis
714 2524 936 2599 Macedonum,
955 2523 987 2586 in
1003 2543 1139 2610 regnum
1155 2545 1250 2590 suum
1266 2525 1386 2592 merita.

191 2678 194 2686 -
274 2633 339 2698 llos
362 2640 469 2695 autem
492 2628 582 2694 locos
606 2628 660 2717 qui
682 2628 766 2717 legit,
789 2649 864 2693 eum
879 2626 1018 2693 arbitror
1032 2625 1092 2692 sihi
1106 2631 1304 2715 persuadere
1321 2654 1389 2710 eos

276 2738 301 2804 si
330 2735 512 2824 posteriore
543 2742 691 2820 tempore
720 2731 858 2819 scriptor
887 2731 1063 2809 addiderit,
1088 2743 1123 2799 ut
1150 2733 1282 2802 Ullricus
1312 2737 1387 2814 vult,

278 2862 341 2908 non
365 2859 406 2905 eo
429 2837 564 2904 consilio
587 2837 714 2904 additos
739 2859 821 2914 esse,
843 2848 879 2903 ut
901 2837 990 2926 quod
1013 2838 1101 2925 prius
1125 2859 1253 2906 narrare
1271 2824 1389 2908 oblitus

278 2956 374 3023 esset,
396 2944 573 3031 suppleret,
597 2964 705 3032 neque
725 2963 763 3008 ea
780 2942 821 3008 de
837 2963 942 3019 causa,
965 2941 1054 3029 quod
1071 2943 1229 3029 putaverit
1245 2945 1285 3010 ad
1303 2945 1390 3032 prius

279 3062 403 3118 narrata
426 3060 513 3116 recte
536 3047 753 3137 intellegenda
775 3047 823 3113 eis
846 3068 929 3134 opus
952 3068 1035 3114 esse.
1077 3049 1158 3113 Nam
1181 3048 1207 3115 si
1230 3049 1391 3128 abessent,

278 3172 385 3223 tamen
414 3154 520 3222 omnia
550 3163 661 3220 essent
691 3153 870 3240 perspicua.
922 3154 1032 3240 Itaque
1060 3173 1156 3220 causa
1184 3173 1242 3220 eur
1262 3153 1313 3221 illa
1335 3154 1391 3220 ad-

279 3262 403 3336 diderit,
425 3260 511 3325 nulla
528 3258 628 3325 luisse
645 3268 762 3344 potest,
786 3255 844 3323 nisi
861 3256 949 3345 quod
970 3279 1053 3344 opus
1069 3258 1157 3345 prius
1173 3259 1390 3346 conscriptum

278 3377 354 3454 post
384 3364 460 3431 belli
489 3361 587 3428 linem
615 3361 743 3450 relegit,
773 3362 921 3450 relegens
952 3372 1059 3428 autem
1088 3362 1175 3428 auxit
1203 3373 1235 3428 et
1258 3363 1392 3429 ornavit.

279 3470 410 3535 Ullricus
426 3466 489 3534 hoc
504 3467 637 3556 quidem
652 3467 812 3534 concessit
832 3467 890 3532 sed
913 3467 1038 3545 invitus,
1059 3468 1169 3535 dicens
1192 3467 1224 3533 in
1247 3489 1318 3555 pag.
1334 3476 1393 3537 140

279 3574 379 3640 Sollte
411 3574 469 3639 der
499 3570 851 3640 Geschichtsschreiber
884 3570 1041 3638 vielleIcht
1074 3571 1157 3638 noch
1190 3573 1263 3639 eine
1298 3573 1392 3640 nach-

278 3677 458 3745 bessernde
494 3675 682 3743 Durchsicht
713 3677 821 3744 seines
847 3676 982 3744 Werkes
1016 3675 1228 3766 beabsichtigt
1264 3676 1393 3744 haben?

279 3780 550 3849 Wahrscheinlich
573 3782 613 3848 ist
636 3782 742 3849 dieses
765 3781 858 3848 nicht.
877 3833 907 3847 ..
943 3780 1035 3848 Doch
1057 3781 1183 3848 scheint
1205 3781 1263 3847 das
1279 3781 1392 3847 zweite

281 3886 368 3954 Buch
390 3888 420 3953 in
445 3908 482 3953 so
502 3886 578 3954 weit
594 3887 665 3953 eine
681 3886 863 3954 Ausnahme
880 3885 1013 3953 hiervon
1028 3911 1068 3954 zu
1085 3888 1228 3968 machon,
1251 3886 1296 3952 als
1313 3885 1392 3952 zwei

280 4002 346 4058 erst
368 3998 479 4080 sp'ater
501 3991 759 4080 nachgetragene
776 3991 906 4068 Stellen,
928 3999 957 4069 2,
980 3993 1189 4070 conadaco,
1213 3991 1302 4057 darin
1325 4002 1394 4057 ent-

231 4174 235 4180 ,
280 4096 386 4162 holten
410 4097 490 4163 sind.
525 4099 591 4163 Suo
615 4107 722 4164 autem
741 4097 814 4183 jure
837 4095 912 4161 mihi
937 4096 1060 4164 videtur
1079 4097 1212 4164 UIIrious
1235 4116 1393 4172 recusare,
