3262 4752
682 276 891 336 ..41-

230 456 379 523 videntur
400 452 598 520 conclusisse
621 474 695 518 eum
718 451 793 518 illud
818 452 941 520 initium
964 453 1159 520 scribentem
1181 455 1238 522 has
1262 477 1343 522 non-

230 563 308 629 dum
331 557 533 648 cognovisse.
570 557 636 624 Sed
658 557 732 624 huic
753 559 932 637 sententiae
956 559 1028 647 quis
1050 560 1195 626 assentiri
1211 563 1343 648 potest?

229 667 345 731 Nonne
376 664 462 731 enim
490 673 579 750 patet
600 660 821 753 Thucydidem
849 662 956 730 verbis
986 684 1070 753 quae
1099 678 1174 732 sunt
1196 667 1220 731 V
1242 674 1292 744 24,
1314 673 1344 744 2,

229 769 391 857 respicere
407 789 491 856 quae
506 769 532 832 11
550 775 564 834 1
582 765 623 832 ab
639 787 680 833 eo
703 767 785 835 dicta
807 778 892 836 sunt.
924 770 993 836 Hoc
1013 779 1121 835 autem
1144 791 1208 835 uon
1224 780 1342 858 potest,

229 873 289 940 nisi
318 873 397 940 haec
424 871 524 940 verba
555 873 671 939 eadem
699 893 771 939 cum
793 873 952 940 sententia
976 873 1157 962 eademque
1181 875 1221 941 de
1243 898 1279 942 re
1301 875 1343 942 ab

229 999 270 1044 66
294 977 491 1056 dictasunt,
520 977 561 1044 de
585 996 649 1067 qua
671 976 770 1044 verba
793 981 816 1045 V
838 985 894 1057 24,
917 985 936 1046 2
959 977 988 1044 h.
1011 999 1038 1044 6.
1062 979 1104 1046 de
1126 979 1343 1068 primaparte

230 1083 327 1149 totius
357 1081 440 1150 belli.
485 1083 525 1148 Ut
554 1092 663 1148 autem
693 1081 775 1148 hanc
802 1084 983 1169 partemin
1006 1083 1094 1148 initio
1118 1085 1227 1171 operis
1250 1086 1288 1170 (11
1314 1087 1342 1171 1)

229 1209 295 1254 666
326 1187 462 1275 primam
493 1187 672 1253 nominaret
696 1188 981 1272 (cerimoniarum)
1005 1189 1063 1255 sed
1089 1199 1212 1254 tantum
1243 1191 1343 1257 modo

207 1315 211 1320 ·
229 1293 418 1380 imperfecto
443 1291 616 1360 verborum
632 1291 848 1372 ἐπιμίγνυσθαι
863 1303 895 1359 61
909 1305 1047 1374 πολεμεῖν
1068 1306 1226 1382 usurpato
1249 1296 1345 1384 signi-

229 1397 357 1475 ficaret,
386 1398 466 1465 haec
494 1395 594 1464 verba
624 1416 690 1463 666
722 1397 762 1463 de
786 1407 855 1463 toto
878 1396 964 1464 bello
987 1399 1095 1463 XXVII
1118 1419 1276 1466 annorum
1298 1403 1344 1467 in-

232 1502 414 1592 tellegenda
429 1523 517 1570 esse:
534 1512 710 1589 propterea
725 1501 852 1568 videtur
866 1502 983 1569 factum
997 1505 1182 1591 essequod,
1200 1517 1233 1571 ut
1244 1527 1344 1595 supra

230 1608 532 1685 demonstravimus,
554 1608 637 1695 (pag.
653 1606 705 1692 22)
728 1605 769 1672 ab
792 1607 862 1694 ejus
878 1628 970 1674 more
986 1606 1180 1675 abhorrebat
1196 1609 1227 1673 in
1243 1609 1343 1677 rebus

231 1714 398 1781 narrandis
420 1712 539 1802 aliquid
562 1723 692 1799 praeter
714 1726 878 1797 temporas
901 1712 1049 1778 ordinem
1070 1724 1274 1800 antecapere.

313 1819 403 1897 Quae
426 1839 499 1885 cum
522 1817 564 1882 ita
586 1816 658 1893 sint,
681 1816 843 1882 neminem
866 1827 945 1903 puto
970 1817 1076 1884 dicere
1099 1819 1342 1911 6666611666-

230 1922 357 2000 didem,
379 1922 406 1989 si
429 1943 512 2009 opus
535 1919 689 2007 incipiens
712 1931 815 1988 totum
840 1921 959 1989 bellum
982 1923 1145 2012 cognitum
1168 1922 1344 2004 habuisset,

228 2027 259 2093 in
282 2027 352 2113 ejus
375 2026 463 2092 initio
486 2026 622 2113 primam
644 2037 770 2111 partem
792 2029 971 2095 accuratius
996 2027 1248 2118 significaturum
1271 2042 1343 2097 616

228 2131 358 2222 reliquis
388 2132 601 2198 discreturum
632 2129 739 2198 161666.
790 2131 856 2198 Sed
887 2132 1068 2217 putandum
1097 2143 1149 2199 est
1178 2155 1253 2199 eum
1275 2135 1342 2222 jam

228 2259 311 2325 opus
334 2236 540 2324 incipientem
562 2235 622 2302 sibi
645 2235 867 2323 proposuisse,
890 2245 924 2300 ut
947 2237 1049 2323 prima
1071 2247 1163 2324 parte
1179 2237 1255 2305 belli
1272 2262 1343 2307 nar·

228 2354 303 2422 rata,
326 2343 381 2432 qui
403 2339 497 2428 hujus
520 2338 744 2415 66666111666,
772 2351 962 2427 exponeret.

312 2447 409 2527 Quod
438 2457 546 2514 autem
572 2445 710 2532 scriptor
733 2443 815 2511 hanc
836 2445 972 2532 primam
994 2446 1070 2513 belli
1093 2459 1217 2534 partem
1238 2450 1341 2537 ipsam

228 2553 353 2635 πόλεμον
369 2553 404 2638 (V
419 2558 469 2629 24,
484 2551 515 2636 2)
531 2549 666 2627 vocavit,
690 2571 756 2616 non
779 2561 829 2616 est
851 2550 893 2629 id,
915 2572 955 2618 ex
978 2572 1044 2640 quo
1067 2554 1215 2620 concludi
1239 2556 1343 2642 possit

229 2677 303 2723 eum
326 2657 434 2743 operis
456 2655 592 2743 primam
614 2665 740 2742 partem
763 2654 958 2725 scribentem
974 2654 1056 2723 banc
1070 2679 1131 2744 pro
1147 2668 1239 2726 toto
1255 2659 1341 2728 bello

228 2759 380 2828 habuisse
403 2761 492 2849 quod
515 2759 692 2846 scripturus
710 2760 814 2825 fuerit.
847 2760 927 2825 Nam
944 2761 1037 2827 etiam
1055 2762 1121 2829 aliis
1137 2762 1216 2830 locis
1232 2777 1342 2852 partes

228 2867 388 2956 quaedam
410 2864 486 2932 belli
508 2866 629 2945 πόλεμοι
648 2873 817 2931 vocantur:
841 2866 865 2929 V
880 2871 930 2939 26,
952 2872 971 2932 2
986 2861 1188 2939 ὃΜαντινικὸς
1201 2871 1251 2934 καὶ
1265 2868 1344 2937 bur-

228 2974 350 3053 όαύριος
371 2970 456 3044 66116
478 2973 502 3038 V
517 2977 567 3048 28,
582 2977 601 3038 2
624 2967 641 3036 ri
661 2968 784 3039 Ἀττικὸς
802 2969 886 3044 rru‘t.,·
907 2969 959 3034 Vll
974 2975 1024 3046 85,
1039 2967 1344 3051 41Σικελικὸςπόλ.,·

229 3079 292 3144 11111
316 3085 364 3154 11,
387 3082 405 3144 3
427 3071 443 3139 ὁ
463 3072 584 3146 Ἰωνικὸς
604 3076 671 3141 πάλ.
708 3076 749 3141 111
770 3074 865 3162 igitur
887 3072 948 3140 hae
970 3071 1046 3140 belli
1068 3086 1176 3161 partes
1199 3098 1240 3143 ex
1261 3079 1341 3147 locis

228 3181 410 3248 nominatae
433 3190 509 3246 sunt
532 3178 650 3268 quibus
674 3190 783 3267 gestae
806 3190 897 3257 sunt,
920 3178 962 3244 ita
987 3180 1010 3245 V
1032 3186 1072 3247 24
1095 3181 1183 3266 prior
1204 3203 1279 3269 pars
1302 3206 1343 3252 ex

228 3287 327 3353 modo
359 3305 425 3374 quo
455 3295 547 3374 gesta
576 3295 641 3362 661,
670 3286 795 3365 πόλεμος
823 3285 950 3360 ξυνεχῶς
971 3285 1129 3365 γενόμεμος
1150 3289 1342 3356 nominatur.

228 3392 309 3457 Nam
332 3411 407 3457 oum
429 3389 523 3456 etiam
547 3389 647 3455 modo
670 3388 804 3478 gerendi
827 3388 900 3456 belli
923 3389 1066 3478 singulae
1083 3402 1192 3476 partes
1209 3393 1293 3460 inter
1308 3416 1344 3461 se

228 3495 404 3572 differrent,
427 3493 696 3583 quandoquidem
719 3496 802 3562 duae
825 3494 1028 3562 continenter
1047 3506 1158 3583 gestae
1173 3508 1257 3574 sunt,
1282 3520 1344 3564 una

227 3611 368 3677 nonest,
385 3599 459 3665 nihil
477 3598 598 3665 obstitit
615 3599 773 3686 scriptori,
789 3599 963 3686 quominus
980 3597 1114 3686 primam
1130 3600 1206 3668 belli
1219 3613 1342 3689 partem

227 3707 368 3794 primum
394 3704 516 3772 bellum
546 3703 728 3770 nominaret
751 3703 954 3771 continenter
975 3713 1119 3791 gestum,
1148 3726 1344 3795 quamquam

171 3830 174 3836 ·
227 3809 349 3877 bellum
372 3809 481 3876 xxvu
503 3829 661 3875 annorum
685 3831 745 3898 pro
770 3829 835 3874 uno
858 3818 987 3875 661616
1010 3806 1153 3876 haberet.

314 3917 404 3995 Quae
421 3913 602 3981 Classenius
622 3915 662 3980 ad
679 3916 735 3981 111
762 3914 803 3980 de
825 3911 1056 4002 significatione
1079 3915 1110 3979 ἐν
1132 3909 1157 3998 ᾧ
1179 3915 1221 4001 (16
1239 3916 1345 3984 verbis

227 4021 259 4087 ἐν
287 4021 311 4106 ᾧ
339 4021 406 4086 οὔτε
434 4019 638 4104 eremperto)
674 4018 839 4095 disseruit,
873 4019 919 4085 616
954 4040 1016 4106 ago
1054 4039 1241 4107 quanquam
1278 4045 1344 4089 uon

227 4146 365 4213 possum
387 4124 544 4202 assentiri,
566 4135 674 4191 tamen
697 4122 748 4190 hic
770 4144 807 4192 66
831 4145 897 4189 666
914 4135 1059 4212 repetam
1076 4143 1161 4212 quae
1177 4123 1345 4192 Herbstius
