3262 4752
750 271 960 331 ...4-

298 447 376 513 Cum
389 455 497 512 autem
509 465 592 531 opus
605 445 824 510 intermissum
836 443 978 511 scribere
990 457 1141 532 pergeret
1151 457 1183 511 et
1194 447 1282 533 prius
1293 445 1413 514 bellum

300 562 424 636 partem
440 569 513 616 esse
529 548 626 615 totius
643 548 702 616 sibi
718 547 942 636 persuasisset,
957 587 999 598 -
1015 550 1104 638 quod
1121 549 1253 638 quidem
1270 563 1414 618 temere

300 655 419 722 lactum
436 675 510 720 esse
526 653 659 720 Ullricus
675 653 859 741 suspicatur
882 657 965 742 (pag.
983 662 1038 721 141
1053 677 1059 718 :
1082 653 1167 720 wohl
1187 655 1272 722 ohne
1296 657 1415 724 n'ahere

300 757 492 847 Erwa'gung)
523 796 563 806 —
595 779 671 824 eum
700 757 834 824 oblitum
865 779 939 824 esse
968 781 1004 850 se
1034 760 1066 826 in
1097 771 1188 846 parte
1218 760 1307 845 prius
1339 782 1417 828 con-

253 923 258 931 .
300 865 419 950 scripta
449 863 508 929 illis
537 862 615 929 locis
640 863 775 941 dixisse,
803 883 886 951 quae
909 863 951 930 de
974 885 1014 930 eo
1039 863 1169 952 quidem
1193 863 1296 938 bello,
1327 867 1414 954 quod

299 968 388 1055 prius
411 968 587 1055 scripturus
609 968 731 1046 luisset,
753 979 841 1036 recte
864 968 924 1036 dici
948 979 1092 1057 possent,
1114 968 1173 1035 sed
1191 969 1217 1035 si
1234 969 1308 1036 belli
1325 973 1414 1059 quod

300 1086 368 1139 tum
392 1085 576 1139 narraturus
599 1082 695 1149 esset,
718 1073 876 1140 rationem
899 1074 1049 1152 haberet,
1071 1096 1135 1141 non
1160 1087 1304 1162 possent,
1326 1075 1414 1162 quod

299 1200 352 1245 res
375 1189 489 1266 postea
511 1189 623 1267 gestae
645 1188 873 1266 repugnarent.
1253 1167 1257 1177 '

385 1285 470 1350 Haeo
492 1285 600 1350 omnia
622 1305 699 1349 num
722 1294 810 1350 recte
827 1284 959 1350 Ullricus
983 1285 1102 1365 exiliis
1119 1284 1198 1351 locis
1213 1285 1415 1364 concluserit,

302 1399 378 1478 post
392 1388 582 1456 videbimus.
619 1390 711 1454 Nunc
729 1389 769 1454 do
792 1389 838 1454 eis
861 1409 945 1478 quae
967 1398 1037 1455 toto
1059 1389 1145 1456 bello
1169 1389 1318 1456 conlecto
1335 1391 1418 1456 Thu-

302 1495 454 1586 cydidem
477 1493 641 1560 addidisse
657 1494 733 1569 vult,
755 1514 858 1580 pauca
873 1494 1024 1561 dicemus.
1057 1493 1153 1559 Libro
1169 1493 1264 1581 igitur
1278 1496 1316 1560 lV
1331 1502 1381 1573 48,
1397 1505 1415 1562 5

303 1598 441 1686 scriptor
462 1618 609 1677 narrans,
640 1600 695 1688 qui
718 1597 789 1665 linis
812 1599 907 1665 luerit
930 1599 1162 1666 discordiarum
1185 1599 1416 1678 intestinarum,

305 1706 388 1792 qua'e
416 1703 500 1769 inter
530 1703 729 1794 Corcyraeos
759 1705 893 1782 luerint,
931 1705 1145 1770 narrationem
1177 1703 1225 1770 his
1254 1705 1417 1772 concludit

304 1806 409 1874 verbis
431 1808 481 1872 καὶ
501 1803 521 1888 ἦ
541 1809 647 1878 στάσις
668 1811 762 1890 πολλή
782 1815 922 1890 γενομένη
945 1809 1134 1889 ἐτελεύτησεν
1150 1809 1290 1892 istoriae,
1311 1809 1370 1876 ὅσα
1383 1837 1416 1890 γε

303 1915 381 1976 κατα·
407 1915 455 1976 τόν
476 1914 604 1992 πόλεμον
623 1913 716 1977 τόνδε.
763 1914 895 1981 Ullricus
918 1925 1025 1980 autem
1044 1913 1165 2000 judicat
1187 1913 1417 2004 Thucydidem,

304 2039 377 2085 oum
400 2017 539 2104 primum
563 2037 646 2103 opus
674 2029 901 2104 componeret,
928 2018 1096 2105 scripsisse
1118 2019 1169 2082 καὶ
1191 2013 1210 2097 ἦ
1230 2019 1334 2088 στάσις
1355 2019 1416 2084 ἕτε-

304 2125 445 2206 istique
465 2121 495 2191 ἐς
515 2120 622 2202 τοῦτο,
651 2121 772 2188 deinde*
792 2123 953 2189 nonnullis
976 2123 1067 2190 annis
1089 2132 1182 2209 post,
1212 2142 1285 2189 cum
1316 2145 1415 2190 novas

305 2227 481 2294 discordias
498 2227 755 2316 Corcyraeorum
777 2228 1000 2315 comperisset,
1022 2227 1186 2295 addidisse
1207 2225 1265 2293 ὅσα
1286 2255 1318 2308 γε
1339 2231 1417 2294 κατά

305 2337 356 2399 τόν
376 2331 503 2411 πόλεμον
523 2333 617 2396 τόντε.
663 2333 734 2412 Quo
758 2343 905 2419 tempore
928 2333 992 2399 hoc
1014 2332 1134 2409 lecerit,
1157 2333 1286 2400 Ullricus
1309 2335 1416 2421 priore

305 2441 394 2515 loco,
424 2458 490 2525 quo
520 2436 561 2502 de
583 2437 642 2502 hac
663 2457 699 2504 re
722 2437 879 2522 disputat,
908 2458 973 2503 non
996 2439 1065 2504 sine
1088 2438 1194 2526 aliqua
1216 2437 1415 2505 dubitatione

308 2543 434 2610 videtur
450 2538 585 2607 definire
602 2540 712 2606 dicens
729 2562 799 2628 pag.
818 2548 893 2608 101:
917 2542 986 2618 „Als
1010 2562 1046 2606 er
1068 2541 1156 2607 diese
1173 2539 1416 2631 Verhesserung

306 2647 470 2734 nachtrug,
490 2665 558 2712 war
579 2644 644 2709 ihm
664 2664 751 2710 zwar
767 2644 825 2710 der
840 2645 954 2711 zweite
969 2646 1066 2733 Krieg
1080 2645 1180 2712 schon
1197 2645 1301 2711 einem
1318 2660 1415 2736 guten
1465 2708 1471 2717 .

305 2753 411 2819 Theile
433 2748 514 2816 nach
535 2747 692 2830 bekannt;
715 2749 799 2815 doch
820 2750 901 2839 lolgt
923 2751 1038 2817 daraus
1062 2749 1145 2815 nocb
1167 2751 1260 2830 nicht,
1283 2753 1358 2820 dass
1381 2775 1416 2819 er

306 2856 427 2924 damals
443 2853 524 2921 auch
539 2853 640 2920 sehon
657 2852 881 2921 entschlossen
898 2875 1051 2943 gewesen
1067 2854 1122 2932 sei,
1137 2855 1415 2925 seinGesohichts-

305 2967 393 3030 werk
408 2959 490 3028 auch
505 2958 590 3026 noch
606 2956 687 3024 iiber
702 2961 812 3028 diesen
829 2959 1081 3026 auszubreiten.“
1117 2960 1224 3027 Altero
1241 2983 1318 3027 vero
1334 2962 1415 3039 loco,

305 3090 375 3156 pag.
401 3075 478 3142 135,
506 3066 549 3130 ita
574 3064 664 3130 dicit:
697 3063 766 3140 „ills
789 3085 825 3130 er
847 3088 913 3130 nun
936 3064 1016 3132 naoh
1039 3065 1129 3131 einer
1152 3064 1415 3153 Unterbreehung

305 3195 368 3239 von
392 3171 473 3239 zehn
496 3168 546 3237 bis
568 3168 615 3235 ell
626 3167 743 3234 Jahren
766 3181 850 3235 elwa
873 3223 878 3234 .
903 3223 908 3234 .
932 3224 938 3237 .
962 3171 1025 3236 den
1048 3170 1155 3237 Faden
1178 3169 1286 3236 seiner
1300 3170 1415 3236 Erz'aib-

305 3276 382 3364 lung
402 3273 563 3351 aulnabm,
588 3324 639 3338 ...
665 3273 786 3340 damals
803 3274 931 3341 mochte
953 3275 984 3341 in
1008 3275 1059 3342 die
1082 3275 1183 3342 schon
1206 3274 1316 3341 lrtibor
1337 3277 1416 3341 voll-

305 3380 424 3446 endete
447 3378 545 3444 stelle
567 3379 613 3444 lV.
636 3383 693 3456 48,
714 3387 733 3446 5
757 3378 858 3444 durch
879 3375 937 3444 boa
958 3405 990 3459 ys
1011 3383 1090 3444 κατσέ
1111 3382 1164 3443 τὸν
1184 3379 1311 3460 πόλεμον
1331 3382 1416 3445 τόνδε

300 3485 377 3572 jene
392 3482 600 3571 Hinweisung
621 3482 679 3549 aul
698 3484 761 3550 den
780 3483 916 3550 zweiten
932 3483 1189 3576 Kerkyr'a'ischen
1205 3484 1417 3572 Biirgerkriog

303 3612 367 3656 von
392 3590 464 3655 dern
481 3587 575 3653 lahre
592 3596 653 3656 410
675 3588 837 3678 eingeldgt
859 3589 995 3656 worden
1018 3591 1114 3656 sein.“
1151 3590 1352 3675 Quamquam
1368 3588 1416 3654 his

303 3693 432 3762 duobus
461 3692 539 3759 locis
563 3692 696 3760 Ullricus
728 3715 793 3760 non
821 3694 890 3760 sine
913 3693 1019 3782 aliqua
1041 3691 1242 3758 dubitatione
1264 3692 1416 3780 loquitur,

303 3813 409 3866 tamen
432 3797 521 3887 quod
545 3819 706 3886 nusquam
729 3798 820 3865 aliam
844 3798 978 3886 protulit
1000 3798 1211 3875 sententiam,
1237 3798 1415 3886 putandum

302 3916 367 3983 est,
397 3927 472 3972 eum
495 3924 555 3991 pro
579 3914 669 3970 certo
692 3903 843 3971 habuisse
866 3903 1088 3995 Thucydidem
1112 3901 1211 3969 verba
1232 3901 1285 3967 illa
1304 3899 1362 3966 ὅσα
1383 3928 1417 3981 γε

300 4023 333 4078 et
355 4033 408 4099 qu.
430 4034 455 4077 s.
478 4020 553 4096 post
574 4005 673 4075 finem
695 4008 792 4074 totius
816 4008 891 4075 belli
914 4008 1087 4075 addidisse.
1138 4009 1253 4095 Neque
1276 4005 1414 4072 arbitror

300 4136 498 4205 quemquam
527 4114 588 4180 alio
618 4124 766 4202 tempore
788 4115 944 4202 suspicari
968 4133 1066 4202 posse
1089 4134 1127 4179 ea
1151 4112 1306 4179 inculcata
1329 4132 1413 4178 esse.
