<?xml version="1.0" encoding="UTF-8"?>
<!DOCTYPE html PUBLIC "-//W3C//DTD XHTML 1.0 Transitional//EN"
    "http://www.w3.org/TR/xhtml1/DTD/xhtml1-transitional.dtd">
<html xmlns="http://www.w3.org/1999/xhtml" xml:lang="en" lang="en">
 <head>
  <title>
</title>
<meta http-equiv="Content-Type" content="text/html;charset=utf-8" />
  <meta name='ocr-system' content='tesseract 3.04.00' />
  <meta name='ocr-capabilities' content='ocr_page ocr_carea ocr_par ocr_line ocrx_word'/>
</head>
<body>
  <div class='ocr_page' id='page_1' title='image "./inotemporethucy00kielgoog_0027.png"; bbox 0 0 3262 4752; ppageno 0'>
   <div class='ocr_carea' id='block_1_1' title="bbox 741 281 953 342">
    <p class='ocr_par' dir='ltr' id='par_1_1' title="bbox 741 281 953 342">
     <span class='ocr_line' id='line_1_1' title="bbox 741 281 953 342; baseline 0 -16"><span class='ocrx_word' id='word_1_1' title='bbox 741 281 953 342; x_wconf 63' lang='lat'><strong>,22-</strong></span> 
     </span>
    </p>
   </div>
   <div class='ocr_carea' id='block_1_2' title="bbox 290 460 1413 3907">
    <p class='ocr_par' dir='ltr' id='par_1_2' title="bbox 290 460 1404 1498">
     <span class='ocr_line' id='line_1_2' title="bbox 293 460 1402 551; baseline -0.001 -21"><span class='ocrx_word' id='word_1_2' title='bbox 293 463 437 530; x_wconf 87' lang='lat' dir='ltr'><strong>narravit.</strong></span> <span class='ocrx_word' id='word_1_3' title='bbox 470 463 552 528; x_wconf 89' lang='lat' dir='ltr'><strong>Nam</strong></span> <span class='ocrx_word' id='word_1_4' title='bbox 575 481 772 551; x_wconf 87' lang='lat' dir='ltr'><strong>quamquam</strong></span> <span class='ocrx_word' id='word_1_5' title='bbox 794 460 856 528; x_wconf 91' lang='lat' dir='ltr'><strong>hoc</strong></span> <span class='ocrx_word' id='word_1_6' title='bbox 879 460 992 527; x_wconf 83' lang='lat' dir='ltr'>ordine</span> <span class='ocrx_word' id='word_1_7' title='bbox 1014 460 1144 547; x_wconf 89' lang='lat' dir='ltr'><strong>saepius</strong></span> <span class='ocrx_word' id='word_1_8' title='bbox 1166 483 1204 528; x_wconf 88' lang='lat' dir='ltr'><strong>ea</strong></span> <span class='ocrx_word' id='word_1_9' title='bbox 1221 483 1303 551; x_wconf 88' lang='lat' dir='ltr'><strong>quae</strong></span> <span class='ocrx_word' id='word_1_10' title='bbox 1318 463 1402 530; x_wconf 91' lang='lat' dir='ltr'><strong>inter</strong></span> 
     </span>
     <span class='ocr_line' id='line_1_3' title="bbox 290 566 1402 654; baseline -0.003 -18"><span class='ocrx_word' id='word_1_11' title='bbox 290 590 327 636; x_wconf 89' lang='lat' dir='ltr'><strong>se</strong></span> <span class='ocrx_word' id='word_1_12' title='bbox 357 568 533 636; x_wconf 73' lang='lat' dir='ltr'>cohaerent</span> <span class='ocrx_word' id='word_1_13' title='bbox 562 566 794 644; x_wconf 86' lang='lat' dir='ltr'><strong>distrahuntur,</strong></span> <span class='ocrx_word' id='word_1_14' title='bbox 821 577 928 633; x_wconf 89' lang='lat' dir='ltr'><strong>tamen</strong></span> <span class='ocrx_word' id='word_1_15' title='bbox 960 587 1000 632; x_wconf 88' lang='lat' dir='ltr'><strong>eo</strong></span> <span class='ocrx_word' id='word_1_16' title='bbox 1024 566 1070 631; x_wconf 93' lang='lat' dir='ltr'><strong>uti</strong></span> <span class='ocrx_word' id='word_1_17' title='bbox 1092 566 1217 643; x_wconf 86' lang='lat' dir='ltr'><strong>maluit,</strong></span> <span class='ocrx_word' id='word_1_18' title='bbox 1248 568 1336 654; x_wconf 91' lang='lat' dir='ltr'><strong>quod</strong></span> <span class='ocrx_word' id='word_1_19' title='bbox 1359 567 1402 633; x_wconf 90' lang='lat' dir='ltr'><strong>ita</strong></span> 
     </span>
     <span class='ocr_line' id='line_1_4' title="bbox 291 673 1401 761; baseline 0 -22"><span class='ocrx_word' id='word_1_20' title='bbox 291 674 396 740; x_wconf 87' lang='lat' dir='ltr'><strong>lacere</strong></span> <span class='ocrx_word' id='word_1_21' title='bbox 420 684 562 761; x_wconf 89' lang='lat' dir='ltr'><strong>poterat,</strong></span> <span class='ocrx_word' id='word_1_22' title='bbox 585 683 620 738; x_wconf 89' lang='lat' dir='ltr'><strong>nt</strong></span> <span class='ocrx_word' id='word_1_23' title='bbox 641 693 749 738; x_wconf 89' lang='lat' dir='ltr'><strong>rerum</strong></span> <span class='ocrx_word' id='word_1_24' title='bbox 772 673 954 759; x_wconf 88' lang='lat' dir='ltr'><strong>posteriore</strong></span> <span class='ocrx_word' id='word_1_25' title='bbox 975 681 1123 757; x_wconf 88' lang='lat' dir='ltr'><strong>tempore</strong></span> <span class='ocrx_word' id='word_1_26' title='bbox 1144 682 1305 760; x_wconf 89' lang='lat' dir='ltr'><strong>gestarum</strong></span> <span class='ocrx_word' id='word_1_27' title='bbox 1327 673 1401 740; x_wconf 91' lang='lat' dir='ltr'><strong>nihil</strong></span> 
     </span>
     <span class='ocr_line' id='line_1_5' title="bbox 291 776 1403 866; baseline -0.002 -20"><span class='ocrx_word' id='word_1_28' title='bbox 291 788 523 866; x_wconf 79' lang='lat' dir='ltr'><strong>praesumeret.</strong></span> <span class='ocrx_word' id='word_1_29' title='bbox 549 776 673 843; x_wconf 86' lang='lat' dir='ltr'><strong>Deinde</strong></span> <span class='ocrx_word' id='word_1_30' title='bbox 689 776 769 844; x_wconf 89' lang='lat' dir='ltr'><strong>haec</strong></span> <span class='ocrx_word' id='word_1_31' title='bbox 785 777 934 844; x_wconf 85' lang='lat' dir='ltr'><strong>narrandi</strong></span> <span class='ocrx_word' id='word_1_32' title='bbox 949 776 1028 842; x_wconf 89' lang='lat' dir='ltr'><strong>ratio</strong></span> <span class='ocrx_word' id='word_1_33' title='bbox 1044 777 1076 842; x_wconf 90' lang='lat' dir='ltr'><strong>iu</strong></span> <span class='ocrx_word' id='word_1_34' title='bbox 1092 798 1131 843; x_wconf 91' lang='lat' dir='ltr'><strong>eo</strong></span> <span class='ocrx_word' id='word_1_35' title='bbox 1149 776 1296 854; x_wconf 83' lang='lat' dir='ltr'><strong>cernitur,</strong></span> <span class='ocrx_word' id='word_1_36' title='bbox 1313 779 1403 866; x_wconf 88' lang='lat' dir='ltr'><strong>quod</strong></span> 
     </span>
     <span class='ocr_line' id='line_1_6' title="bbox 291 875 1404 972; baseline 0.001 -23"><span class='ocrx_word' id='word_1_37' title='bbox 291 883 332 949; x_wconf 90' lang='lat' dir='ltr'><strong>ad</strong></span> <span class='ocrx_word' id='word_1_38' title='bbox 356 875 510 972; x_wconf 52' lang='lat' dir='ltr'><strong>res&#39;quas</strong></span> <span class='ocrx_word' id='word_1_39' title='bbox 534 893 640 948; x_wconf 86' lang='lat' dir='ltr'><strong>narrat</strong></span> <span class='ocrx_word' id='word_1_40' title='bbox 661 881 864 949; x_wconf 88' lang='lat' dir='ltr'><strong>illustrandas</strong></span> <span class='ocrx_word' id='word_1_41' title='bbox 888 893 942 949; x_wconf 88' lang='lat' dir='ltr'><strong>aut</strong></span> <span class='ocrx_word' id='word_1_42' title='bbox 960 881 1167 968; x_wconf 87' lang='lat' dir='ltr'><strong>explicandas</strong></span> <span class='ocrx_word' id='word_1_43' title='bbox 1184 903 1348 970; x_wconf 89' lang='lat' dir='ltr'><strong>nunquam</strong></span> <span class='ocrx_word' id='word_1_44' title='bbox 1365 905 1404 950; x_wconf 89' lang='lat' dir='ltr'><strong>ea</strong></span> 
     </span>
     <span class='ocr_line' id='line_1_7' title="bbox 292 980 1404 1076; baseline -0.004 -20"><span class='ocrx_word' id='word_1_45' title='bbox 292 990 418 1056; x_wconf 80' lang='lat' dir='ltr'><strong>confert</strong></span> <span class='ocrx_word' id='word_1_46' title='bbox 444 999 499 1054; x_wconf 89' lang='lat' dir='ltr'><strong>aut</strong></span> <span class='ocrx_word' id='word_1_47' title='bbox 528 998 761 1054; x_wconf 89' lang='lat' dir='ltr'><strong>commemorat</strong></span> <span class='ocrx_word' id='word_1_48' title='bbox 792 1009 876 1076; x_wconf 89' lang='lat' dir='ltr'><strong>quae</strong></span> <span class='ocrx_word' id='word_1_49' title='bbox 898 997 974 1075; x_wconf 92' lang='lat' dir='ltr'><strong>post</strong></span> <span class='ocrx_word' id='word_1_50' title='bbox 996 997 1085 1076; x_wconf 89' lang='lat' dir='ltr'><strong>gesta</strong></span> <span class='ocrx_word' id='word_1_51' title='bbox 1108 998 1191 1052; x_wconf 90' lang='lat' dir='ltr'><strong>sunt.</strong></span> <span class='ocrx_word' id='word_1_52' title='bbox 1239 980 1404 1065; x_wconf 83' lang='lat' dir='ltr'><strong>&#39;Quattuor</strong></span> 
     </span>
     <span class='ocr_line' id='line_1_8' title="bbox 293 1090 1402 1182; baseline 0 -22"><span class='ocrx_word' id='word_1_53' title='bbox 293 1105 401 1160; x_wconf 87' lang='lat' dir='ltr'><strong>autem</strong></span> <span class='ocrx_word' id='word_1_54' title='bbox 432 1094 493 1160; x_wconf 90' lang='lat' dir='ltr'><strong>loci</strong></span> <span class='ocrx_word' id='word_1_55' title='bbox 520 1095 559 1175; x_wconf 91' lang='lat' dir='ltr'><strong>(ll</strong></span> <span class='ocrx_word' id='word_1_56' title='bbox 582 1100 639 1174; x_wconf 82' lang='lat'><strong>65;</strong></span> <span class='ocrx_word' id='word_1_57' title='bbox 670 1099 746 1174; x_wconf 80' lang='lat'>1003</span> <span class='ocrx_word' id='word_1_58' title='bbox 777 1094 816 1158; x_wconf 86' lang='lat' dir='ltr'><strong>tv</strong></span> <span class='ocrx_word' id='word_1_59' title='bbox 838 1099 895 1173; x_wconf 83' lang='lat'><strong>81;</strong></span> <span class='ocrx_word' id='word_1_60' title='bbox 927 1091 997 1176; x_wconf 81' lang='lat'>108)</span> <span class='ocrx_word' id='word_1_61' title='bbox 1027 1090 1144 1179; x_wconf 88' lang='lat' dir='ltr'><strong>quibus</strong></span> <span class='ocrx_word' id='word_1_62' title='bbox 1172 1091 1213 1157; x_wconf 86' lang='lat' dir='ltr'><strong>ab</strong></span> <span class='ocrx_word' id='word_1_63' title='bbox 1241 1091 1301 1158; x_wconf 90' lang='lat' dir='ltr'><strong>hac</strong></span> <span class='ocrx_word' id='word_1_64' title='bbox 1329 1093 1402 1182; x_wconf 89' lang='lat' dir='ltr'><strong>lege</strong></span> 
     </span>
     <span class='ocr_line' id='line_1_9' title="bbox 292 1194 1404 1286; baseline -0.002 -21"><span class='ocrx_word' id='word_1_65' title='bbox 292 1199 420 1266; x_wconf 86' lang='lat' dir='ltr'><strong>videtur</strong></span> <span class='ocrx_word' id='word_1_66' title='bbox 441 1198 619 1272; x_wconf 88' lang='lat' dir='ltr'><strong>discedere,</strong></span> <span class='ocrx_word' id='word_1_67' title='bbox 640 1197 720 1264; x_wconf 88' lang='lat' dir='ltr'><strong>tales</strong></span> <span class='ocrx_word' id='word_1_68' title='bbox 743 1208 831 1275; x_wconf 87' lang='lat' dir='ltr'><strong>sunt,</strong></span> <span class='ocrx_word' id='word_1_69' title='bbox 856 1208 890 1264; x_wconf 94' lang='lat' dir='ltr'><strong>ut</strong></span> <span class='ocrx_word' id='word_1_70' title='bbox 912 1218 976 1263; x_wconf 93' lang='lat' dir='ltr'><strong>non</strong></span> <span class='ocrx_word' id='word_1_71' title='bbox 1001 1194 1128 1264; x_wconf 82' lang='lat' dir='ltr'><strong>difficile</strong></span> <span class='ocrx_word' id='word_1_72' title='bbox 1150 1195 1191 1262; x_wconf 93' lang='lat' dir='ltr'><strong>sit</strong></span> <span class='ocrx_word' id='word_1_73' title='bbox 1205 1216 1404 1286; x_wconf 82' lang='lat' dir='ltr'><strong>cognoscere</strong></span> 
     </span>
     <span class='ocr_line' id='line_1_10' title="bbox 294 1301 1404 1392; baseline 0.001 -22"><span class='ocrx_word' id='word_1_74' title='bbox 294 1304 471 1392; x_wconf 82' lang='lat' dir='ltr'><strong>singulares</strong></span> <span class='ocrx_word' id='word_1_75' title='bbox 495 1325 567 1371; x_wconf 87' lang='lat' dir='ltr'><strong>esse</strong></span> <span class='ocrx_word' id='word_1_76' title='bbox 586 1323 708 1379; x_wconf 77' lang='lat' dir='ltr'><strong>causae,</strong></span> <span class='ocrx_word' id='word_1_77' title='bbox 732 1301 849 1391; x_wconf 90' lang='lat' dir='ltr'><strong>quibus</strong></span> <span class='ocrx_word' id='word_1_78' title='bbox 865 1302 1023 1369; x_wconf 90' lang='lat' dir='ltr'><strong>adductus</strong></span> <span class='ocrx_word' id='word_1_79' title='bbox 1039 1302 1089 1378; x_wconf 89' lang='lat' dir='ltr'><strong>sit,</strong></span> <span class='ocrx_word' id='word_1_80' title='bbox 1112 1322 1192 1390; x_wconf 91' lang='lat' dir='ltr'><strong>quas</strong></span> <span class='ocrx_word' id='word_1_81' title='bbox 1208 1324 1404 1392; x_wconf 88' lang='lat' dir='ltr'><strong>quamquam</strong></span> 
     </span>
     <span class='ocr_line' id='line_1_11' title="bbox 294 1407 1166 1498; baseline -0.003 -24"><span class='ocrx_word' id='word_1_82' title='bbox 294 1419 422 1496; x_wconf 89' lang='lat' dir='ltr'><strong>praesto</strong></span> <span class='ocrx_word' id='word_1_83' title='bbox 445 1408 612 1485; x_wconf 88' lang='lat' dir='ltr'><strong>habemus,</strong></span> <span class='ocrx_word' id='word_1_84' title='bbox 633 1418 741 1474; x_wconf 89' lang='lat' dir='ltr'><strong>tamen</strong></span> <span class='ocrx_word' id='word_1_85' title='bbox 762 1407 895 1498; x_wconf 85' lang='lat' dir='ltr'><strong>longum</strong></span> <span class='ocrx_word' id='word_1_86' title='bbox 919 1417 969 1476; x_wconf 88' lang='lat' dir='ltr'><strong>est</strong></span> <span class='ocrx_word' id='word_1_87' title='bbox 991 1427 1166 1494; x_wconf 86' lang='lat' dir='ltr'><strong>exponere.</strong></span> 
     </span>
    </p>

    <p class='ocr_par' dir='ltr' id='par_1_3' title="bbox 294 1510 1410 2836">
     <span class='ocr_line' id='line_1_12' title="bbox 377 1510 1405 1603; baseline 0.002 -24"><span class='ocrx_word' id='word_1_88' title='bbox 377 1515 445 1581; x_wconf 91' lang='lat' dir='ltr'><strong>Hoc</strong></span> <span class='ocrx_word' id='word_1_89' title='bbox 470 1515 565 1603; x_wconf 90' lang='lat' dir='ltr'><strong>igitur</strong></span> <span class='ocrx_word' id='word_1_90' title='bbox 594 1534 686 1579; x_wconf 89' lang='lat' dir='ltr'><strong>more</strong></span> <span class='ocrx_word' id='word_1_91' title='bbox 715 1512 842 1580; x_wconf 90' lang='lat' dir='ltr'><strong>videtur</strong></span> <span class='ocrx_word' id='word_1_92' title='bbox 863 1513 980 1579; x_wconf 85' lang='lat' dir='ltr'><strong>factum</strong></span> <span class='ocrx_word' id='word_1_93' title='bbox 1005 1532 1094 1587; x_wconf 90' lang='lat' dir='ltr'><strong>esse,</strong></span> <span class='ocrx_word' id='word_1_94' title='bbox 1123 1510 1212 1578; x_wconf 91' lang='lat' dir='ltr'><strong>utin</strong></span> <span class='ocrx_word' id='word_1_95' title='bbox 1235 1516 1405 1600; x_wconf 90' lang='lat' dir='ltr'><strong>prooemio</strong></span> 
     </span>
     <span class='ocr_line' id='line_1_13' title="bbox 294 1615 1407 1707; baseline 0.002 -24"><span class='ocrx_word' id='word_1_96' title='bbox 294 1618 365 1685; x_wconf 90' lang='lat' dir='ltr'><strong>libri</strong></span> <span class='ocrx_word' id='word_1_97' title='bbox 395 1619 486 1707; x_wconf 89' lang='lat' dir='ltr'><strong>primi</strong></span> <span class='ocrx_word' id='word_1_98' title='bbox 518 1620 559 1686; x_wconf 88' lang='lat' dir='ltr'><strong>de</strong></span> <span class='ocrx_word' id='word_1_99' title='bbox 587 1628 691 1685; x_wconf 89' lang='lat' dir='ltr'><strong>aetate</strong></span> <span class='ocrx_word' id='word_1_100' title='bbox 717 1637 792 1693; x_wconf 89' lang='lat' dir='ltr'><strong>sua,</strong></span> <span class='ocrx_word' id='word_1_101' title='bbox 822 1617 863 1683; x_wconf 88' lang='lat' dir='ltr'><strong>de</strong></span> <span class='ocrx_word' id='word_1_102' title='bbox 886 1615 1015 1694; x_wconf 86' lang='lat' dir='ltr'><strong>exsilio,</strong></span> <span class='ocrx_word' id='word_1_103' title='bbox 1045 1618 1086 1683; x_wconf 90' lang='lat' dir='ltr'><strong>de</strong></span> <span class='ocrx_word' id='word_1_104' title='bbox 1109 1617 1308 1704; x_wconf 87' lang='lat' dir='ltr'><strong>longitudine</strong></span> <span class='ocrx_word' id='word_1_105' title='bbox 1331 1618 1407 1685; x_wconf 88' lang='lat' dir='ltr'><strong>belll</strong></span> 
     </span>
     <span class='ocr_line' id='line_1_14' title="bbox 295 1721 1406 1814; baseline 0.003 -26"><span class='ocrx_word' id='word_1_106' title='bbox 295 1722 370 1789; x_wconf 94' lang='lat' dir='ltr'><strong>nihil</strong></span> <span class='ocrx_word' id='word_1_107' title='bbox 393 1723 522 1801; x_wconf 87' lang='lat' dir='ltr'><strong>diceret,</strong></span> <span class='ocrx_word' id='word_1_108' title='bbox 543 1725 575 1789; x_wconf 89' lang='lat' dir='ltr'><strong>in</strong></span> <span class='ocrx_word' id='word_1_109' title='bbox 598 1724 698 1790; x_wconf 89' lang='lat' dir='ltr'><strong>altero</strong></span> <span class='ocrx_word' id='word_1_110' title='bbox 721 1723 892 1809; x_wconf 88' lang='lat' dir='ltr'><strong>prooemio</strong></span> <span class='ocrx_word' id='word_1_111' title='bbox 914 1721 994 1788; x_wconf 88' lang='lat' dir='ltr'><strong>haec</strong></span> <span class='ocrx_word' id='word_1_112' title='bbox 1016 1721 1161 1788; x_wconf 86' lang='lat' dir='ltr'><strong>adderet.</strong></span> <span class='ocrx_word' id='word_1_113' title='bbox 1194 1724 1280 1789; x_wconf 80' lang='lat' dir='ltr'><strong>‚Nam</strong></span> <span class='ocrx_word' id='word_1_114' title='bbox 1303 1725 1406 1814; x_wconf 88' lang='lat' dir='ltr'><strong>longi-</strong></span> 
     </span>
     <span class='ocr_line' id='line_1_15' title="bbox 296 1825 1405 1917; baseline 0.005 -24"><span class='ocrx_word' id='word_1_115' title='bbox 296 1829 440 1895; x_wconf 88' lang='lat' dir='ltr'><strong>tudinem</strong></span> <span class='ocrx_word' id='word_1_116' title='bbox 468 1830 557 1917; x_wconf 91' lang='lat' dir='ltr'><strong>prius</strong></span> <span class='ocrx_word' id='word_1_117' title='bbox 579 1850 745 1916; x_wconf 84' lang='lat' dir='ltr'><strong>exponere</strong></span> <span class='ocrx_word' id='word_1_118' title='bbox 771 1827 886 1904; x_wconf 89' lang='lat' dir='ltr'><strong>noluit,</strong></span> <span class='ocrx_word' id='word_1_119' title='bbox 915 1849 1012 1916; x_wconf 88' lang='lat' dir='ltr'><strong>quam</strong></span> <span class='ocrx_word' id='word_1_120' title='bbox 1035 1827 1143 1913; x_wconf 90' lang='lat' dir='ltr'><strong>priore</strong></span> <span class='ocrx_word' id='word_1_121' title='bbox 1168 1825 1253 1894; x_wconf 88' lang='lat' dir='ltr'><strong>bello</strong></span> <span class='ocrx_word' id='word_1_122' title='bbox 1277 1844 1405 1900; x_wconf 80' lang='lat' dir='ltr'><strong>narrato</strong></span> 
     </span>
     <span class='ocr_line' id='line_1_16' title="bbox 295 1931 1405 2022; baseline 0.002 -23"><span class='ocrx_word' id='word_1_123' title='bbox 295 1944 482 2020; x_wconf 81' lang='lat' dir='ltr'><strong>appareret,</strong></span> <span class='ocrx_word' id='word_1_124' title='bbox 511 1955 594 2022; x_wconf 89' lang='lat' dir='ltr'><strong>quae</strong></span> <span class='ocrx_word' id='word_1_125' title='bbox 623 1943 733 2000; x_wconf 88' lang='lat' dir='ltr'><strong>essent</strong></span> <span class='ocrx_word' id='word_1_126' title='bbox 762 1943 869 2020; x_wconf 90' lang='lat' dir='ltr'><strong>partes</strong></span> <span class='ocrx_word' id='word_1_127' title='bbox 900 1931 974 1998; x_wconf 88' lang='lat' dir='ltr'><strong>belli</strong></span> <span class='ocrx_word' id='word_1_128' title='bbox 997 1931 1115 2019; x_wconf 91' lang='lat' dir='ltr'><strong>quibus</strong></span> <span class='ocrx_word' id='word_1_129' title='bbox 1137 1932 1179 1997; x_wconf 94' lang='lat' dir='ltr'><strong>illi</strong></span> <span class='ocrx_word' id='word_1_130' title='bbox 1201 1933 1310 2000; x_wconf 88' lang='lat' dir='ltr'><strong>XXVll</strong></span> <span class='ocrx_word' id='word_1_131' title='bbox 1331 1937 1405 2001; x_wconf 91' lang='lat' dir='ltr'><strong>anni</strong></span> 
     </span>
     <span class='ocr_line' id='line_1_17' title="bbox 296 2035 1406 2128; baseline 0.003 -24"><span class='ocrx_word' id='word_1_132' title='bbox 296 2036 517 2119; x_wconf 82' lang='lat' dir='ltr'><strong>efficerentur3</strong></span> <span class='ocrx_word' id='word_1_133' title='bbox 539 2037 684 2104; x_wconf 82' lang='lat' dir='ltr'><strong>exsilium</strong></span> <span class='ocrx_word' id='word_1_134' title='bbox 701 2047 809 2103; x_wconf 89' lang='lat' dir='ltr'><strong>autem</strong></span> <span class='ocrx_word' id='word_1_135' title='bbox 827 2057 891 2102; x_wconf 92' lang='lat' dir='ltr'><strong>non</strong></span> <span class='ocrx_word' id='word_1_136' title='bbox 907 2035 997 2124; x_wconf 92' lang='lat' dir='ltr'><strong>prius</strong></span> <span class='ocrx_word' id='word_1_137' title='bbox 1013 2037 1287 2115; x_wconf 88' lang='lat' dir='ltr'><strong>commemoravit,</strong></span> <span class='ocrx_word' id='word_1_138' title='bbox 1309 2061 1406 2128; x_wconf 85' lang='lat' dir='ltr'><strong>quam</strong></span> 
     </span>
     <span class='ocr_line' id='line_1_18' title="bbox 296 2141 1407 2232; baseline 0.004 -24"><span class='ocrx_word' id='word_1_139' title='bbox 296 2153 328 2208; x_wconf 89' lang='lat' dir='ltr'><strong>et</strong></span> <span class='ocrx_word' id='word_1_140' title='bbox 356 2142 427 2229; x_wconf 88' lang='lat' dir='ltr'><strong>ejus</strong></span> <span class='ocrx_word' id='word_1_141' title='bbox 454 2163 584 2209; x_wconf 86' lang='lat' dir='ltr'><strong>causam</strong></span> <span class='ocrx_word' id='word_1_142' title='bbox 613 2142 665 2208; x_wconf 90' lang='lat' dir='ltr'><strong>lib.</strong></span> <span class='ocrx_word' id='word_1_143' title='bbox 688 2144 726 2208; x_wconf 92' lang='lat' dir='ltr'><strong>lV</strong></span> <span class='ocrx_word' id='word_1_144' title='bbox 749 2150 825 2222; x_wconf 80' lang='lat'><strong>1043</strong></span> <span class='ocrx_word' id='word_1_145' title='bbox 858 2148 916 2210; x_wconf 85' lang='lat'><strong>106</strong></span> <span class='ocrx_word' id='word_1_146' title='bbox 940 2141 1131 2208; x_wconf 86' lang='lat' dir='ltr'><strong>narravisset</strong></span> <span class='ocrx_word' id='word_1_147' title='bbox 1153 2153 1250 2231; x_wconf 90' lang='lat' dir='ltr'><strong>atque</strong></span> <span class='ocrx_word' id='word_1_148' title='bbox 1273 2144 1313 2209; x_wconf 89' lang='lat' dir='ltr'><strong>ad</strong></span> <span class='ocrx_word' id='word_1_149' title='bbox 1337 2147 1407 2232; x_wconf 87' lang='lat' dir='ltr'><strong>ejus</strong></span> 
     </span>
     <span class='ocr_line' id='line_1_19' title="bbox 296 2246 1408 2336; baseline 0.002 -24"><span class='ocrx_word' id='word_1_150' title='bbox 296 2248 452 2335; x_wconf 92' lang='lat' dir='ltr'><strong>temporis</strong></span> <span class='ocrx_word' id='word_1_151' title='bbox 474 2268 526 2314; x_wconf 89' lang='lat' dir='ltr'><strong>res</strong></span> <span class='ocrx_word' id='word_1_152' title='bbox 550 2246 724 2314; x_wconf 88' lang='lat' dir='ltr'><strong>narrandas</strong></span> <span class='ocrx_word' id='word_1_153' title='bbox 754 2246 971 2334; x_wconf 89' lang='lat' dir='ltr'><strong>pervenisset,</strong></span> <span class='ocrx_word' id='word_1_154' title='bbox 1002 2268 1067 2336; x_wconf 94' lang='lat' dir='ltr'><strong>quo</strong></span> <span class='ocrx_word' id='word_1_155' title='bbox 1098 2247 1253 2334; x_wconf 85' lang='lat' dir='ltr'><strong>expulsus</strong></span> <span class='ocrx_word' id='word_1_156' title='bbox 1282 2261 1347 2326; x_wconf 89' lang='lat' dir='ltr'><strong>est,</strong></span> <span class='ocrx_word' id='word_1_157' title='bbox 1375 2260 1408 2316; x_wconf 93' lang='lat' dir='ltr'><strong>et</strong></span> 
     </span>
     <span class='ocr_line' id='line_1_20' title="bbox 296 2351 1407 2442; baseline 0.002 -22"><span class='ocrx_word' id='word_1_158' title='bbox 296 2353 376 2420; x_wconf 90' lang='lat' dir='ltr'><strong>scitu</strong></span> <span class='ocrx_word' id='word_1_159' title='bbox 400 2372 483 2440; x_wconf 92' lang='lat' dir='ltr'><strong>opus</strong></span> <span class='ocrx_word' id='word_1_160' title='bbox 506 2363 593 2420; x_wconf 87' lang='lat' dir='ltr'><strong>esset</strong></span> <span class='ocrx_word' id='word_1_161' title='bbox 616 2352 662 2419; x_wconf 89' lang='lat' dir='ltr'><strong>eis</strong></span> <span class='ocrx_word' id='word_1_162' title='bbox 686 2351 740 2441; x_wconf 92' lang='lat' dir='ltr'><strong>qui</strong></span> <span class='ocrx_word' id='word_1_163' title='bbox 764 2374 847 2440; x_wconf 92' lang='lat' dir='ltr'><strong>opus</strong></span> <span class='ocrx_word' id='word_1_164' title='bbox 870 2373 964 2417; x_wconf 93' lang='lat' dir='ltr'><strong>suum</strong></span> <span class='ocrx_word' id='word_1_165' title='bbox 986 2352 1140 2441; x_wconf 85' lang='lat' dir='ltr'><strong>legerent.</strong></span> <span class='ocrx_word' id='word_1_166' title='bbox 1191 2353 1338 2442; x_wconf 87' lang='lat' dir='ltr'><strong>Denique</strong></span> <span class='ocrx_word' id='word_1_167' title='bbox 1366 2354 1407 2421; x_wconf 91' lang='lat' dir='ltr'><strong>de</strong></span> 
     </span>
     <span class='ocr_line' id='line_1_21' title="bbox 297 2457 1408 2547; baseline 0.001 -24"><span class='ocrx_word' id='word_1_168' title='bbox 297 2468 401 2524; x_wconf 88' lang='lat' dir='ltr'><strong>aetate</strong></span> <span class='ocrx_word' id='word_1_169' title='bbox 423 2479 481 2525; x_wconf 89' lang='lat' dir='ltr'><strong>sua</strong></span> <span class='ocrx_word' id='word_1_170' title='bbox 504 2478 570 2523; x_wconf 92' lang='lat' dir='ltr'><strong>non</strong></span> <span class='ocrx_word' id='word_1_171' title='bbox 592 2457 681 2545; x_wconf 90' lang='lat' dir='ltr'><strong>prius</strong></span> <span class='ocrx_word' id='word_1_172' title='bbox 704 2457 876 2545; x_wconf 90' lang='lat' dir='ltr'><strong>quicquam</strong></span> <span class='ocrx_word' id='word_1_173' title='bbox 899 2458 1172 2534; x_wconf 88' lang='lat' dir='ltr'><strong>commemoravit,</strong></span> <span class='ocrx_word' id='word_1_174' title='bbox 1195 2477 1290 2545; x_wconf 89' lang='lat' dir='ltr'><strong>quam</strong></span> <span class='ocrx_word' id='word_1_175' title='bbox 1314 2458 1334 2522; x_wconf 93' lang='lat' dir='ltr'><strong>ii</strong></span> <span class='ocrx_word' id='word_1_176' title='bbox 1353 2461 1408 2547; x_wconf 87' lang='lat' dir='ltr'><strong>qui</strong></span> 
     </span>
     <span class='ocr_line' id='line_1_22' title="bbox 296 2560 1409 2650; baseline 0.001 -22"><span class='ocrx_word' id='word_1_177' title='bbox 296 2562 441 2650; x_wconf 87' lang='lat' dir='ltr'><strong>legerent</strong></span> <span class='ocrx_word' id='word_1_178' title='bbox 470 2563 589 2629; x_wconf 90' lang='lat' dir='ltr'><strong>scirent</strong></span> <span class='ocrx_word' id='word_1_179' title='bbox 618 2571 707 2627; x_wconf 90' lang='lat' dir='ltr'><strong>tanto</strong></span> <span class='ocrx_word' id='word_1_180' title='bbox 734 2561 839 2647; x_wconf 92' lang='lat' dir='ltr'><strong>spatio</strong></span> <span class='ocrx_word' id='word_1_181' title='bbox 869 2561 968 2628; x_wconf 86' lang='lat' dir='ltr'><strong>fuisse</strong></span> <span class='ocrx_word' id='word_1_182' title='bbox 996 2560 1134 2639; x_wconf 87' lang='lat' dir='ltr'><strong>bellum,</strong></span> <span class='ocrx_word' id='word_1_183' title='bbox 1163 2572 1196 2628; x_wconf 89' lang='lat' dir='ltr'><strong>et</strong></span> <span class='ocrx_word' id='word_1_184' title='bbox 1225 2582 1339 2628; x_wconf 91' lang='lat' dir='ltr'><strong>eorum</strong></span> <span class='ocrx_word' id='word_1_185' title='bbox 1362 2565 1409 2630; x_wconf 92' lang='lat' dir='ltr'><strong>in-</strong></span> 
     </span>
     <span class='ocr_line' id='line_1_23' title="bbox 296 2664 1410 2755; baseline 0.004 -25"><span class='ocrx_word' id='word_1_186' title='bbox 296 2675 435 2732; x_wconf 89' lang='lat' dir='ltr'><strong>teresset</strong></span> <span class='ocrx_word' id='word_1_187' title='bbox 464 2665 544 2733; x_wconf 89' lang='lat' dir='ltr'><strong>scire</strong></span> <span class='ocrx_word' id='word_1_188' title='bbox 574 2688 610 2734; x_wconf 89' lang='lat' dir='ltr'><strong>se</strong></span> <span class='ocrx_word' id='word_1_189' title='bbox 642 2687 701 2754; x_wconf 87' lang='lat' dir='ltr'><strong>per</strong></span> <span class='ocrx_word' id='word_1_190' title='bbox 730 2664 850 2732; x_wconf 91' lang='lat' dir='ltr'><strong>bellum</strong></span> <span class='ocrx_word' id='word_1_191' title='bbox 879 2675 943 2732; x_wconf 90' lang='lat' dir='ltr'><strong>tam</strong></span> <span class='ocrx_word' id='word_1_192' title='bbox 973 2666 1106 2755; x_wconf 87' lang='lat' dir='ltr'><strong>longum</strong></span> <span class='ocrx_word' id='word_1_193' title='bbox 1139 2676 1243 2733; x_wconf 88' lang='lat' dir='ltr'><strong>aetate</strong></span> <span class='ocrx_word' id='word_1_194' title='bbox 1275 2667 1410 2735; x_wconf 87' lang='lat' dir='ltr'><strong>robusta</strong></span> 
     </span>
     <span class='ocr_line' id='line_1_24' title="bbox 300 2769 426 2836; baseline -0.016 0"><span class='ocrx_word' id='word_1_195' title='bbox 300 2769 426 2836; x_wconf 86' lang='lat' dir='ltr'><strong>vixisse.</strong></span> 
     </span>
    </p>

    <p class='ocr_par' dir='ltr' id='par_1_4' title="bbox 298 2873 1413 3907">
     <span class='ocr_line' id='line_1_25' title="bbox 381 2873 1409 2967; baseline 0.008 -29"><span class='ocrx_word' id='word_1_196' title='bbox 381 2875 467 2941; x_wconf 91' lang='lat' dir='ltr'><strong>Haec</strong></span> <span class='ocrx_word' id='word_1_197' title='bbox 497 2873 594 2940; x_wconf 88' lang='lat' dir='ltr'><strong>habui</strong></span> <span class='ocrx_word' id='word_1_198' title='bbox 624 2875 665 2941; x_wconf 89' lang='lat' dir='ltr'><strong>de</strong></span> <span class='ocrx_word' id='word_1_199' title='bbox 693 2874 797 2942; x_wconf 91' lang='lat' dir='ltr'><strong>Ullrici</strong></span> <span class='ocrx_word' id='word_1_200' title='bbox 825 2875 983 2942; x_wconf 87' lang='lat' dir='ltr'><strong>sententia</strong></span> <span class='ocrx_word' id='word_1_201' title='bbox 1017 2895 1101 2962; x_wconf 86' lang='lat' dir='ltr'><strong>quae</strong></span> <span class='ocrx_word' id='word_1_202' title='bbox 1135 2874 1292 2954; x_wconf 88' lang='lat' dir='ltr'><strong>dicerem,</strong></span> <span class='ocrx_word' id='word_1_203' title='bbox 1326 2899 1409 2967; x_wconf 91' lang='lat' dir='ltr'><strong>quae</strong></span> 
     </span>
     <span class='ocr_line' id='line_1_26' title="bbox 300 2977 1411 3070; baseline 0.001 -23"><span class='ocrx_word' id='word_1_204' title='bbox 300 2978 445 3069; x_wconf 90' lang='lat' dir='ltr'><strong>quamvis</strong></span> <span class='ocrx_word' id='word_1_205' title='bbox 475 2988 568 3046; x_wconf 89' lang='lat' dir='ltr'><strong>acute</strong></span> <span class='ocrx_word' id='word_1_206' title='bbox 597 2979 638 3045; x_wconf 91' lang='lat' dir='ltr'><strong>sit</strong></span> <span class='ocrx_word' id='word_1_207' title='bbox 667 2980 859 3068; x_wconf 80' lang='lat' dir='ltr'><strong>excogitata,</strong></span> <span class='ocrx_word' id='word_1_208' title='bbox 889 2990 997 3046; x_wconf 90' lang='lat' dir='ltr'><strong>tamen</strong></span> <span class='ocrx_word' id='word_1_209' title='bbox 1023 2977 1124 3045; x_wconf 90' lang='lat' dir='ltr'><strong>trihus</strong></span> <span class='ocrx_word' id='word_1_210' title='bbox 1148 2979 1314 3048; x_wconf 87' lang='lat' dir='ltr'><strong>decausis</strong></span> <span class='ocrx_word' id='word_1_211' title='bbox 1337 2984 1411 3070; x_wconf 81' lang='lat' dir='ltr'><strong>reji-</strong></span> 
     </span>
     <span class='ocr_line' id='line_1_27' title="bbox 299 3079 1410 3175; baseline 0.001 -23"><span class='ocrx_word' id='word_1_212' title='bbox 299 3085 412 3152; x_wconf 87' lang='lat' dir='ltr'><strong>cienda</strong></span> <span class='ocrx_word' id='word_1_213' title='bbox 443 3095 501 3152; x_wconf 90' lang='lat' dir='ltr'><strong>est.</strong></span> <span class='ocrx_word' id='word_1_214' title='bbox 551 3085 691 3151; x_wconf 91' lang='lat' dir='ltr'><strong>Primum</strong></span> <span class='ocrx_word' id='word_1_215' title='bbox 715 3084 753 3149; x_wconf 89' lang='lat' dir='ltr'><strong>lV</strong></span> <span class='ocrx_word' id='word_1_216' title='bbox 774 3090 824 3162; x_wconf 85' lang='grc'><strong>48,</strong></span> <span class='ocrx_word' id='word_1_217' title='bbox 846 3092 864 3152; x_wconf 80' lang='grc'>5</span> <span class='ocrx_word' id='word_1_218' title='bbox 888 3083 1046 3151; x_wconf 90' lang='lat' dir='ltr'><strong>vocabulo</strong></span> <span class='ocrx_word' id='word_1_219' title='bbox 1070 3079 1086 3147; x_wconf 82' lang='grc' dir='ltr'><em>ὃ</em></span> <span class='ocrx_word' id='word_1_220' title='bbox 1105 3085 1230 3166; x_wconf 75' lang='grc' dir='ltr'><strong><em>πόλεμος</em></strong></span> <span class='ocrx_word' id='word_1_221' title='bbox 1251 3083 1299 3152; x_wconf 71' lang='grc' dir='ltr'><strong>ὅδε</strong></span> <span class='ocrx_word' id='word_1_222' title='bbox 1321 3089 1410 3175; x_wconf 89' lang='lat' dir='ltr'><strong>prius</strong></span> 
     </span>
     <span class='ocr_line' id='line_1_28' title="bbox 298 3188 1409 3278; baseline 0.004 -23"><span class='ocrx_word' id='word_1_223' title='bbox 298 3188 420 3256; x_wconf 88' lang='lat' dir='ltr'><strong>bellum</strong></span> <span class='ocrx_word' id='word_1_224' title='bbox 451 3188 620 3278; x_wconf 85' lang='lat' dir='ltr'><strong>significari</strong></span> <span class='ocrx_word' id='word_1_225' title='bbox 648 3209 713 3257; x_wconf 90' lang='lat' dir='ltr'><strong>non</strong></span> <span class='ocrx_word' id='word_1_226' title='bbox 742 3199 867 3275; x_wconf 90' lang='lat' dir='ltr'><strong>potest,</strong></span> <span class='ocrx_word' id='word_1_227' title='bbox 898 3211 956 3256; x_wconf 88' lang='lat' dir='ltr'><strong>seu</strong></span> <span class='ocrx_word' id='word_1_228' title='bbox 985 3198 1061 3276; x_wconf 92' lang='lat' dir='ltr'><strong>post</strong></span> <span class='ocrx_word' id='word_1_229' title='bbox 1082 3199 1186 3255; x_wconf 91' lang='lat' dir='ltr'><strong>totum</strong></span> <span class='ocrx_word' id='word_1_230' title='bbox 1207 3188 1329 3256; x_wconf 91' lang='lat' dir='ltr'><strong>bellum</strong></span> <span class='ocrx_word' id='word_1_231' title='bbox 1352 3213 1409 3259; x_wconf 88' lang='lat' dir='ltr'><strong>seu</strong></span> 
     </span>
     <span class='ocr_line' id='line_1_29' title="bbox 299 3293 1410 3382; baseline 0.003 -22"><span class='ocrx_word' id='word_1_232' title='bbox 299 3305 375 3381; x_wconf 93' lang='lat' dir='ltr'><strong>post</strong></span> <span class='ocrx_word' id='word_1_233' title='bbox 397 3295 539 3382; x_wconf 91' lang='lat' dir='ltr'><strong>priorem</strong></span> <span class='ocrx_word' id='word_1_234' title='bbox 561 3303 686 3380; x_wconf 86' lang='lat' dir='ltr'><strong>partem</strong></span> <span class='ocrx_word' id='word_1_235' title='bbox 709 3293 865 3379; x_wconf 91' lang='lat' dir='ltr'><strong>scriptum</strong></span> <span class='ocrx_word' id='word_1_236' title='bbox 887 3302 945 3360; x_wconf 91' lang='lat' dir='ltr'><strong>est.</strong></span> <span class='ocrx_word' id='word_1_237' title='bbox 977 3293 1032 3360; x_wconf 91' lang='lat' dir='ltr'><strong>Sin</strong></span> <span class='ocrx_word' id='word_1_238' title='bbox 1054 3303 1163 3360; x_wconf 90' lang='lat' dir='ltr'><strong>autem</strong></span> <span class='ocrx_word' id='word_1_239' title='bbox 1178 3294 1240 3361; x_wconf 91' lang='lat' dir='ltr'><strong>hoc</strong></span> <span class='ocrx_word' id='word_1_240' title='bbox 1255 3294 1327 3362; x_wconf 91' lang='lat' dir='ltr'><strong>loco</strong></span> <span class='ocrx_word' id='word_1_241' title='bbox 1344 3318 1410 3363; x_wconf 94' lang='lat' dir='ltr'><strong>non</strong></span> 
     </span>
     <span class='ocr_line' id='line_1_30' title="bbox 298 3395 1412 3487; baseline 0.004 -24"><span class='ocrx_word' id='word_1_242' title='bbox 298 3408 423 3485; x_wconf 89' lang='lat' dir='ltr'><strong>potest,</strong></span> <span class='ocrx_word' id='word_1_243' title='bbox 451 3419 491 3464; x_wconf 90' lang='lat' dir='ltr'><strong>ne</strong></span> <span class='ocrx_word' id='word_1_244' title='bbox 519 3398 585 3465; x_wconf 89' lang='lat' dir='ltr'><strong>aliis</strong></span> <span class='ocrx_word' id='word_1_245' title='bbox 609 3398 739 3487; x_wconf 90' lang='lat' dir='ltr'><strong>quidem</strong></span> <span class='ocrx_word' id='word_1_246' title='bbox 764 3397 890 3464; x_wconf 89' lang='lat' dir='ltr'><strong>videtur</strong></span> <span class='ocrx_word' id='word_1_247' title='bbox 910 3395 980 3464; x_wconf 88' lang='lat' dir='ltr'><strong>fieri</strong></span> <span class='ocrx_word' id='word_1_248' title='bbox 1002 3419 1110 3485; x_wconf 89' lang='lat' dir='ltr'><strong>posse.</strong></span> <span class='ocrx_word' id='word_1_249' title='bbox 1154 3400 1278 3467; x_wconf 89' lang='lat' dir='ltr'><strong>Deinde</strong></span> <span class='ocrx_word' id='word_1_250' title='bbox 1301 3401 1326 3467; x_wconf 92' lang='lat' dir='ltr'><strong>si</strong></span> <span class='ocrx_word' id='word_1_251' title='bbox 1350 3401 1412 3469; x_wconf 95' lang='lat' dir='ltr'><strong>Ull-</strong></span> 
     </span>
     <span class='ocr_line' id='line_1_31' title="bbox 299 3500 1412 3593; baseline 0.002 -25"><span class='ocrx_word' id='word_1_252' title='bbox 299 3503 399 3570; x_wconf 94' lang='lat' dir='ltr'><strong>ricum</strong></span> <span class='ocrx_word' id='word_1_253' title='bbox 422 3522 650 3592; x_wconf 89' lang='lat' dir='ltr'><strong>sequeremur,</strong></span> <span class='ocrx_word' id='word_1_254' title='bbox 677 3523 717 3567; x_wconf 84' lang='lat' dir='ltr'><strong>ex</strong></span> <span class='ocrx_word' id='word_1_255' title='bbox 740 3500 869 3568; x_wconf 91' lang='lat' dir='ltr'><strong>duobus</strong></span> <span class='ocrx_word' id='word_1_256' title='bbox 891 3502 969 3570; x_wconf 91' lang='lat' dir='ltr'><strong>locis</strong></span> <span class='ocrx_word' id='word_1_257' title='bbox 991 3503 1018 3567; x_wconf 95' lang='lat' dir='ltr'><strong>ll</strong></span> <span class='ocrx_word' id='word_1_258' title='bbox 1039 3511 1079 3572; x_wconf 87' lang='grc'><strong>65</strong></span> <span class='ocrx_word' id='word_1_259' title='bbox 1103 3514 1136 3570; x_wconf 90' lang='lat' dir='ltr'><strong>et</strong></span> <span class='ocrx_word' id='word_1_260' title='bbox 1160 3512 1219 3574; x_wconf 89' lang='lat'><strong>100</strong></span> <span class='ocrx_word' id='word_1_261' title='bbox 1240 3516 1412 3593; x_wconf 90' lang='lat' dir='ltr'><strong>appareret</strong></span> 
     </span>
     <span class='ocr_line' id='line_1_32' title="bbox 300 3606 1412 3698; baseline 0 -24"><span class='ocrx_word' id='word_1_262' title='bbox 300 3607 519 3698; x_wconf 89' lang='lat' dir='ltr'><strong>Thucydidem</strong></span> <span class='ocrx_word' id='word_1_263' title='bbox 551 3626 635 3693; x_wconf 91' lang='lat' dir='ltr'><strong>opus</strong></span> <span class='ocrx_word' id='word_1_264' title='bbox 665 3606 753 3693; x_wconf 90' lang='lat' dir='ltr'><strong>prius</strong></span> <span class='ocrx_word' id='word_1_265' title='bbox 780 3607 933 3694; x_wconf 89' lang='lat' dir='ltr'><strong>scriptum</strong></span> <span class='ocrx_word' id='word_1_266' title='bbox 956 3608 1126 3696; x_wconf 84' lang='lat' dir='ltr'><strong>relegisse,</strong></span> <span class='ocrx_word' id='word_1_267' title='bbox 1156 3631 1229 3676; x_wconf 90' lang='lat' dir='ltr'><strong>oum</strong></span> <span class='ocrx_word' id='word_1_268' title='bbox 1252 3620 1412 3698; x_wconf 87' lang='lat' dir='ltr'><strong>pergeret.</strong></span> 
     </span>
     <span class='ocr_line' id='line_1_33' title="bbox 301 3710 1412 3802; baseline 0.001 -23"><span class='ocrx_word' id='word_1_269' title='bbox 301 3713 381 3780; x_wconf 90' lang='lat' dir='ltr'><strong>Cum</strong></span> <span class='ocrx_word' id='word_1_270' title='bbox 403 3733 480 3779; x_wconf 90' lang='lat' dir='ltr'><strong>vero</strong></span> <span class='ocrx_word' id='word_1_271' title='bbox 503 3711 650 3798; x_wconf 91' lang='lat' dir='ltr'><strong>relegens</strong></span> <span class='ocrx_word' id='word_1_272' title='bbox 673 3711 763 3778; x_wconf 91' lang='lat' dir='ltr'><strong>locos</strong></span> <span class='ocrx_word' id='word_1_273' title='bbox 785 3711 857 3779; x_wconf 92' lang='lat' dir='ltr'><strong>illos</strong></span> <span class='ocrx_word' id='word_1_274' title='bbox 881 3734 921 3778; x_wconf 82' lang='lat' dir='ltr'><strong>ex</strong></span> <span class='ocrx_word' id='word_1_275' title='bbox 940 3710 1058 3802; x_wconf 87' lang='lat' dir='ltr'><strong>quibus</strong></span> <span class='ocrx_word' id='word_1_276' title='bbox 1075 3713 1208 3781; x_wconf 91' lang='lat' dir='ltr'><strong>Ullricus</strong></span> <span class='ocrx_word' id='word_1_277' title='bbox 1224 3725 1412 3802; x_wconf 86' lang='lat' dir='ltr'><strong>argumenta</strong></span> 
     </span>
     <span class='ocr_line' id='line_1_34' title="bbox 301 3816 1413 3907; baseline 0.004 -25"><span class='ocrx_word' id='word_1_278' title='bbox 301 3837 358 3883; x_wconf 91' lang='lat' dir='ltr'><strong>sua</strong></span> <span class='ocrx_word' id='word_1_279' title='bbox 380 3816 492 3894; x_wconf 89' lang='lat' dir='ltr'><strong>hausit,</strong></span> <span class='ocrx_word' id='word_1_280' title='bbox 516 3836 583 3881; x_wconf 91' lang='lat' dir='ltr'><strong>non</strong></span> <span class='ocrx_word' id='word_1_281' title='bbox 606 3817 790 3893; x_wconf 86' lang='lat' dir='ltr'><strong>correxerit,</strong></span> <span class='ocrx_word' id='word_1_282' title='bbox 812 3817 871 3884; x_wconf 88' lang='lat' dir='ltr'><strong>hos</strong></span> <span class='ocrx_word' id='word_1_283' title='bbox 891 3817 965 3883; x_wconf 89' lang='lat' dir='ltr'><strong>nihil</strong></span> <span class='ocrx_word' id='word_1_284' title='bbox 981 3817 1147 3886; x_wconf 87' lang='lat' dir='ltr'><strong>continere</strong></span> <span class='ocrx_word' id='word_1_285' title='bbox 1163 3830 1306 3907; x_wconf 87' lang='lat' dir='ltr'><strong>apparet,</strong></span> <span class='ocrx_word' id='word_1_286' title='bbox 1329 3841 1413 3907; x_wconf 88' lang='lat' dir='ltr'><strong>quae</strong></span> 
     </span>
    </p>
   </div>
   <div class='ocr_carea' id='block_1_3' title="bbox 300 3920 1415 4222">
    <p class='ocr_par' dir='ltr' id='par_1_5' title="bbox 300 3920 1415 4222">
     <span class='ocr_line' id='line_1_35' title="bbox 302 3920 1413 4012; baseline 0.005 -27"><span class='ocrx_word' id='word_1_287' title='bbox 302 3920 357 3996; x_wconf 90' lang='lat' dir='ltr'><strong>cis,</strong></span> <span class='ocrx_word' id='word_1_288' title='bbox 381 3940 465 4007; x_wconf 87' lang='lat' dir='ltr'><strong>quae</strong></span> <span class='ocrx_word' id='word_1_289' title='bbox 487 3921 670 4008; x_wconf 90' lang='lat' dir='ltr'><strong>posteriore</strong></span> <span class='ocrx_word' id='word_1_290' title='bbox 693 3931 842 4008; x_wconf 89' lang='lat' dir='ltr'><strong>tempore</strong></span> <span class='ocrx_word' id='word_1_291' title='bbox 864 3933 956 4010; x_wconf 86' lang='lat' dir='ltr'><strong>gesta</strong></span> <span class='ocrx_word' id='word_1_292' title='bbox 977 3934 1068 4000; x_wconf 91' lang='lat' dir='ltr'><strong>sunt,</strong></span> <span class='ocrx_word' id='word_1_293' title='bbox 1098 3936 1289 4012; x_wconf 89' lang='lat' dir='ltr'><strong>repugnent.</strong></span> <span class='ocrx_word' id='word_1_294' title='bbox 1334 3925 1413 3990; x_wconf 90' lang='lat' dir='ltr'><strong>Cum</strong></span> 
     </span>
     <span class='ocr_line' id='line_1_36' title="bbox 300 4024 1415 4117; baseline 0.007 -30"><span class='ocrx_word' id='word_1_295' title='bbox 300 4034 408 4088; x_wconf 89' lang='lat' dir='ltr'><strong>autem</strong></span> <span class='ocrx_word' id='word_1_296' title='bbox 430 4024 492 4092; x_wconf 91' lang='lat' dir='ltr'><strong>tale</strong></span> <span class='ocrx_word' id='word_1_297' title='bbox 516 4027 592 4115; x_wconf 89' lang='lat' dir='ltr'><strong>quid</strong></span> <span class='ocrx_word' id='word_1_298' title='bbox 616 4047 682 4092; x_wconf 90' lang='lat' dir='ltr'><strong>non</strong></span> <span class='ocrx_word' id='word_1_299' title='bbox 705 4027 904 4104; x_wconf 89' lang='lat' dir='ltr'><strong>contineant,</strong></span> <span class='ocrx_word' id='word_1_300' title='bbox 932 4049 973 4094; x_wconf 88' lang='lat' dir='ltr'><strong>ne</strong></span> <span class='ocrx_word' id='word_1_301' title='bbox 994 4028 1025 4093; x_wconf 92' lang='lat' dir='ltr'><strong>id</strong></span> <span class='ocrx_word' id='word_1_302' title='bbox 1050 4028 1181 4117; x_wconf 91' lang='lat' dir='ltr'><strong>quidem</strong></span> <span class='ocrx_word' id='word_1_303' title='bbox 1203 4049 1243 4095; x_wconf 84' lang='lat' dir='ltr'><strong>ex</strong></span> <span class='ocrx_word' id='word_1_304' title='bbox 1267 4029 1314 4096; x_wconf 90' lang='lat' dir='ltr'><strong>eis</strong></span> <span class='ocrx_word' id='word_1_305' title='bbox 1336 4049 1415 4095; x_wconf 93' lang='lat' dir='ltr'><strong>con-</strong></span> 
     </span>
     <span class='ocr_line' id='line_1_37' title="bbox 302 4127 1415 4222; baseline 0.004 -26"><span class='ocrx_word' id='word_1_306' title='bbox 302 4127 387 4196; x_wconf 93' lang='lat' dir='ltr'><strong>cludi</strong></span> <span class='ocrx_word' id='word_1_307' title='bbox 408 4140 518 4218; x_wconf 90' lang='lat' dir='ltr'><strong>potest</strong></span> <span class='ocrx_word' id='word_1_308' title='bbox 540 4153 598 4200; x_wconf 91' lang='lat' dir='ltr'><strong>eos</strong></span> <span class='ocrx_word' id='word_1_309' title='bbox 617 4131 755 4222; x_wconf 91' lang='lat' dir='ltr'><strong>scriptos</strong></span> <span class='ocrx_word' id='word_1_310' title='bbox 772 4153 854 4209; x_wconf 89' lang='lat' dir='ltr'><strong>esse,</strong></span> <span class='ocrx_word' id='word_1_311' title='bbox 877 4131 1065 4222; x_wconf 91' lang='lat' dir='ltr'><strong>priusquam</strong></span> <span class='ocrx_word' id='word_1_312' title='bbox 1081 4143 1184 4200; x_wconf 91' lang='lat' dir='ltr'><strong>totum</strong></span> <span class='ocrx_word' id='word_1_313' title='bbox 1199 4131 1320 4200; x_wconf 89' lang='lat' dir='ltr'><strong>bellum</strong></span> <span class='ocrx_word' id='word_1_314' title='bbox 1336 4155 1415 4201; x_wconf 86' lang='lat' dir='ltr'><strong>oon-</strong></span> 
     </span>
    </p>
   </div>
   <div class='ocr_carea' id='block_1_4' title="bbox 0 0 1651 4752">
    <p class='ocr_par' dir='ltr' id='par_1_6' title="bbox 0 0 1651 4752">
     <span class='ocr_line' id='line_1_38' title="bbox 0 0 1651 4752; baseline 0 0"><span class='ocrx_word' id='word_1_315' title='bbox 0 0 1651 4752; x_wconf 95' lang='lat' dir='ltr'><strong> </strong></span> 
     </span>
    </p>
   </div>
  </div>
 </body>
</html>
