3262 4752
669 291 879 352 ...49-

182 553 185 558 ¹
214 475 339 540 animus
363 471 553 561 perterritus
577 480 628 536 est
650 468 790 552 (3413),
813 479 900 534 00010
925 489 990 534 000
1013 469 1112 557 magis
1135 488 1335 535 commemo-

216 590 336 655 rasset,
368 577 428 644 nisi
457 586 580 641 tantum
606 574 758 641 valuisset
776 574 829 640 -ad
851 573 1064 640 Athenienses
1091 574 1122 639 in
1146 575 1248 640 Sicilia
1278 575 1334 639 de-

215 684 342 754 lendos.
386 684 474 747 Hanc
497 701 575 746 vero
599 677 642 743 ob
665 698 794 744 causam
825 699 896 744 eam
926 698 988 745 una
1018 700 1091 745 oum
1120 678 1197 745 solis
1227 679 1335 746 010100-

215 788 358 855 tionibus
388 776 707 854 commemorandam
737 782 835 848 luisse
866 804 963 849 nemo
995 782 1103 848 dicere
1126 794 1251 871 potest,
1280 783 1335 872 qui

216 891 399 958 meminerit
414 888 635 980 Thucydidem
658 885 816 952 hocloco
839 886 879 954 ad
903 885 1182 974 comprobandam
1205 903 1335 954 senten-

217 998 292 1062 tiam
308 1016 400 1062 suam
416 1015 456 1061 03
471 1012 672 1068 enumerare,
695 1011 779 1078 quae
795 1012 926 1077 perse
942 992 1112 1080 singularia
1127 1013 1165 1059 ac
1180 993 1335 1058 memoria

218 1103 312 1190 digna
344 1101 471 1166 luerint.
515 1098 569 1163 1113
592 1105 701 1161 autern
724 1094 864 1160 desectio
888 1117 953 1162 non
976 1117 1094 1182 perse
1116 1095 1335 1162 memorabilis

218 1217 300 1280 erat,
329 1202 388 1269 sed
412 1189 458 1268 eis
482 1221 566 1288 quae
589 1199 693 1266 Nicias
717 1200 757 1265 de
787 1220 825 1264 03
855 1199 1095 1287 suspicabatur,
1124 1202 1226 1268 1013110
1255 1201 1342 1267 13013

217 1320 275 1376 001.
320 1309 426 1387 Quare
448 1306 512 1371 hoo
533 1315 622 1370 certe
645 1303 717 1370 loco
741 1304 1028 1370 commemoranda
1052 1325 1117 1370 non
1134 1316 1210 1372 erat.
1245 1306 1336 1385 Quae

217 1435 291 1480 curn
307 1414 349 1478 ita
364 1411 436 1489 0101,
459 1408 534 1475 nihil
550 1406 678 1494 reperio
696 1417 916 1495 101003023,
939 1429 1005 1495 quo
1023 1408 1098 1474 mihi
1118 1411 1337 1496 pesuadeatur

217 1519 250 1584 id
272 1528 346 1584 3010
369 1514 491 1582 bellum
513 1512 638 1578 linitum
662 1512 817 1598 scriptum
839 1533 922 1578 esse.

300 1619 512 1708 Reliquorum
534 1615 616 1682 lib.l
637 1615 783 1683 locorum
806 1617 1013 1704 gravissimus
1030 1616 1103 1682 mihi
1121 1617 1336 1685 videturesse

224 1735 271 1803 10,
292 1733 321 1794 2.
367 1725 457 1803 Quae
480 1721 520 1788 ab
545 1720 661 1787 Ullrico
685 1720 727 1786 de
749 1719 906 1788 hocloco
930 1721 1091 1807 disputata
1114 1733 1206 1799 sunt,
1229 1724 1337 1788 omnia

219 1852 281 1917 ego
306 1850 370 1895 non
393 1837 551 1914 repetam,
572 1826 630 1892 sed
655 1824 730 1891 nihil
752 1845 793 1890 ex
815 1825 853 1890 iis
874 1823 1017 1902 afferam,
1040 1825 1099 1891 nisi
1115 1827 1205 1915 quod
1222 1827 1337 1894 Leslrio

220 1935 348 2000 videtur
369 1931 489 2021 aliquid
513 1931 621 1996 valere
644 1930 685 1995 ad
710 1928 813 1996 Ullrioi
835 1931 1028 1996 sententiam
1050 1932 1337 2018 comprobandam.

219 2042 248 2105 10
276 2038 372 2127 igitur
400 2046 491 2125 00131
518 2033 632 2101 verba:
662 2040 762 2099 miror
788 2035 1022 2114 Πελοποννήσου
1053 2037 1107 2118 (sc.
1136 2037 1165 2100 oi
1193 2045 1340 2101 Λακεδαι-

220 2144 327 2226 μόνιοι)
361 2141 419 2206 τῶν
447 2145 535 2206 πέντε
561 2141 617 2209 adr
645 2139 700 2202 otio
728 2146 838 2219 μοίρας
864 2145 1020 2221 νέμονται,
1051 2141 1104 2220 τῆς
1130 2164 1164 2205 τε
1184 2141 1341 2220 ξυμπάσης

221 2245 363 2329 ἡγοῦνται
377 2245 427 2310 καὶ
449 2244 510 2308 τῶν
530 2247 587 2314 ἔξω
605 2241 769 2321 ξυμμάχων
789 2243 906 2307 πολλῶν
926 2254 1002 2330 0001
1026 2243 1123 2309 101100
1146 2242 1222 2309 belli
1242 2241 1341 2309 linem

222 2362 400 2440 propterea
429 2345 524 2414 scribi
554 2368 620 2415 000
649 2344 816 2432 potuisse,
849 2346 939 2434 quod
973 2367 1057 2434 quae
1087 2347 1128 2413 de
1158 2347 1339 2435 principatu

222 2452 555 2524 Lacedaemoniorum
579 2450 744 2541 dicantur&
756 2471 821 2515 non
842 2449 888 2516 eis
905 2449 1023 2538 opibus
1039 2452 1127 2538 03010
1143 2453 1205 2518 0101
1221 2452 1339 2542 quibus

221 2573 291 2627 tum
312 2557 489 2625 floruerint.
520 2557 601 2622 Nam
624 2565 701 2643 post
723 2574 750 2620 3.
766 2561 828 2622 404
850 2574 910 2622 000
930 2577 996 2622 000
1012 2556 1119 2623 solum
1134 2558 1232 2625 101100
1248 2558 1342 2624 Pelo-

223 2663 361 2753 ponnesi
376 2662 619 2749 multorumque
636 2669 766 2747 praeter
781 2659 863 2726 hanc
878 2661 1041 2727 sociorum
1058 2662 1220 2749 principes
1240 2662 1341 2730 luisse

221 2768 282 2836 0001
311 2767 408 2834 101100
432 2765 593 2833 Graeciae.
645 2764 743 2843 Quasi
772 2775 880 2830 aulem
911 2766 991 2833 haec
1015 2767 1251 2856 argumentatio
1276 2788 1341 2833 non

222 2871 368 2946 sufficiat,
389 2869 506 2958 pergit:
530 2871 611 2946 „llas
627 2868 886 2935 Entscheidende
908 2868 985 2957 liegt
1006 2869 1115 2936 lerner
1136 2890 1217 2959 ganz
1240 2870 1342 2938 offen-

222 2977 281 3044 bar
299 2975 400 3051 darin,
423 2975 498 3041 dass
515 2972 566 3040 ein
584 2971 808 3059 patriotischer
821 2971 964 3040 Athener
978 2973 1059 3040 nach
1075 2981 1146 3052 404,
1169 2995 1222 3042 wo
1238 2974 1341 3042 Athen

222 3103 259 3149 so
290 3079 351 3146 1101
376 3076 599 3167 gedemtithigt
626 3096 708 3153 war,
737 3076 806 3143 sich
834 3075 1016 3165 uberhaupt
1044 3078 1076 3143 in
1098 3077 1213 3145 keiner
1236 3081 1343 3146 Weise

223 3183 375 3252 versucht
403 3181 514 3248 liihlen
542 3180 681 3256 leonte,
715 3203 780 3248 von
812 3182 920 3274 001000
942 3184 1123 3250 Vaterstadt
1154 3206 1195 3250 zu
1227 3204 1342 3273 sagen:

222 3290 290 3356 ihre
313 3288 417 3356 lllacbt
438 3285 520 3354 wird
544 3284 683 3373 duppell
704 3307 742 3353 so
766 3263 866 3376 gross⁹
882 3286 1087 3364 ersoheinen,
1117 3288 1163 3355 als
1194 3289 1240 3356 sie
1264 3290 1345 3377 jetzl

224 3390 364 3460 wirldich
391 3390 448 3458 ist“
479 3391 564 3478 (pag.
589 3389 648 3472 tl).
699 3390 765 3457 Sed
795 3391 868 3480 quis
897 3390 981 3457 dicat
1003 3389 1241 3483 Thucydidem,
1271 3414 1343 3461 curn

224 3498 295 3585 ejus
317 3495 420 3585 putria
441 3493 550 3560 multis
573 3492 719 3562 cladibus
741 3494 861 3562 31111010
882 3507 981 3573 00001,
1003 3496 1073 3584 ejus
1088 3516 1201 3563 amore
1215 3496 1346 3564 retineri

224 3600 388 3678 debuisse,
410 3598 586 3688 quominus
609 3598 651 3664 de
674 3599 745 3686 ejus
767 3599 913 3688 potentia
935 3611 1054 3689 ageret.
1086 3602 1203 3668 Nonne
1227 3601 1281 3689 qui
1304 3601 1346 3668 113

220 3703 383 3791 judicant,
404 3723 546 3793 acquum
569 3715 619 3770 est
641 3724 700 3771 000
721 3704 942 3796 Thucydidem
965 3708 1165 3793 vituperare,
1187 3704 1277 3794 quod
1301 3704 1346 3771 hi-

227 3806 360 3874 storiam
392 3805 469 3874 belli
499 3807 681 3894 scripserit,
714 3830 780 3896 quo
810 3809 911 3896 ipsius
941 3809 1043 3898 patria
1074 3811 1156 3876 victa
1184 3828 1222 3875 ac
1242 3828 1346 3896 paene

226 3909 334 3976 0101010
364 3909 414 3976 sit.
466 3912 574 3990 Quare
604 3912 664 3979 nisi
693 3924 832 4001 0000100
859 3914 923 3980 boc
943 3914 1139 4002 scriptorem
1162 3912 1347 4001 vituperare

225 4032 378 4100 possum,
407 4036 449 4082 ne
479 4015 557 4082 illud
590 4016 721 4105 quidem
745 4017 788 4084 de
811 4017 929 4107 opibus
952 4017 1074 4107 patriae
1097 4037 1175 4085 suae
1199 4018 1347 4107 quamvis

227 4116 345 4186 fractae
368 4119 511 4188 scribere
534 4117 610 4187 rnihi
632 4121 760 4190 videtur
775 4120 816 4189 ab
833 4124 904 4212 ejus
920 4121 1065 4189 moribus
1079 4123 1221 4190 alienum
1237 4121 1348 4189 luisse.

1147 4243 1164 4293 4
