3262 4752
709 221 921 282 ..40-

264 424 335 468 mus
358 411 407 467 est
429 399 458 465 ei
482 399 523 464 de
546 419 612 486 quo
636 398 753 487 agitur3
777 399 816 462 lll
838 399 887 475 67,
910 404 929 466 2
954 398 1084 477 ἐχένετος
1112 406 1175 476 113,
1197 407 1216 468 6
1239 401 1377 487 ἐγένετο).

264 509 344 574 Cum
366 506 459 594 igitur
481 513 605 570 certum
626 503 667 568 sit
688 503 877 586 scriptorem
901 502 963 569 nisi
982 503 1023 569 de
1039 501 1127 572 initic
1142 500 1218 568 belli
1235 505 1275 572 de
1293 506 1380 572 nulla

263 631 298 677 re
321 609 372 676 illa
395 607 494 676 verba
515 609 708 688 ἐπεμίγνυντο
729 618 762 673 et
783 607 909 683 ξυνεχῶς
930 607 1093 687 ἐπολέμουν
1114 607 1242 687 dixisse,
1265 610 1380 679 Ullrico

264 709 512 781 concedendum
537 733 601 778 non
624 723 675 780 est
696 734 771 779 eum
794 711 873 778 haec
894 711 1090 779 scribentem
1113 723 1216 779 totum
1233 716 1381 784 nondum

265 818 466 906 cognovisse.
504 818 605 884 lmrno
628 819 670 884 ita
688 817 899 904 judicandum
922 827 987 883 est:
1010 817 1038 883 si
1059 815 1198 904 scriptor
1214 829 1281 884 tum
1297 841 1379 886 non-

266 923 344 990 dum
373 922 580 1010 cognovisset
602 922 722 989 bellum
746 922 855 987 XXVII
877 942 1035 987 annorum
1059 931 1091 986 et
1112 920 1234 988 bellum
1256 933 1382 990 tanturn

265 1028 474 1093 Xannorum
495 1048 556 1114 pro
581 1039 649 1094 toto
673 1026 854 1104 habuisset,
883 1025 973 1115 quod
1003 1026 1181 1112 scripturus
1213 1039 1317 1106 esset,
1348 1030 1381 1095 in

265 1132 312 1198 eis
343 1152 441 1220 quae,
472 1143 505 1197 ut
532 1144 607 1199 sunt
637 1133 707 1220 ejus
738 1130 852 1208 verba,
881 1131 922 1196 de
948 1130 1058 1219 priore
1081 1129 1156 1196 belli
1179 1143 1270 1219 parte
1294 1133 1380 1208 dixit,

265 1257 331 1302 non
354 1236 545 1324 imperfecto
570 1238 659 1327 quod
683 1247 799 1304 vocant
815 1236 1018 1324 grammatici,
1042 1257 1116 1302 enm
1132 1259 1266 1303 usurum
1282 1239 1381 1306 luisse

266 1342 326 1408 sed
355 1342 493 1419 aorist0,
525 1341 790 1430 quandoquidem
815 1341 846 1406 in
869 1340 931 1408 hoc
953 1341 1158 1407 continenter
1179 1341 1292 1409 bellari
1314 1365 1381 1410 non

266 1447 372 1512 solum
401 1458 555 1534 coeptum
584 1446 644 1513 sed
671 1468 731 1533 per
758 1456 891 1511 totum
924 1443 1081 1512 bellum
1115 1458 1298 1533 perrectum
1331 1459 1382 1516 est

268 1551 303 1635 (V
318 1558 368 1626 24,
390 1551 431 1635 2).
475 1553 581 1630 Quare
604 1571 708 1616 exeo
732 1551 822 1639 quod
845 1550 986 1637 scriptor
1007 1552 1039 1616 in
1062 1550 1110 1618 his
1133 1550 1240 1618 verbis
1263 1553 1381 1640 imper-

171 1695 179 1714 ·
224 1674 226 1678 ’
265 1655 351 1722 fecto
374 1679 451 1723 usus
474 1653 662 1744 significavit
677 1653 889 1723 Athenienses
913 1665 945 1722 et
965 1655 1225 1742 Peloponnesios
1240 1657 1273 1723 id
1289 1661 1380 1746 quod

266 1761 389 1827 initio
405 1760 480 1828 belli
496 1760 629 1827 fecerint
645 1798 684 1808 -
700 1757 755 1826 crin
770 1759 961 1840 ἐπεμίγνυντο
977 1769 1009 1826 el
1022 1761 1149 1836 ξυνεχῶς
1163 1761 1325 1842 ἐπολέμουν
1341 1801 1379 1811 -

267 1887 348 1932 non
371 1876 462 1932 toto
486 1864 572 1931 bello
596 1864 729 1940 fecisse,
759 1864 834 1929 mihi
858 1863 985 1930 videtur
1015 1863 1276 1932 concludendum
1306 1890 1381 1936 esse

267 1971 415 2058 scriptori
436 1970 516 2037 haec
538 1968 689 2036 scribenti
711 1969 806 2034 etiam
822 1989 860 2035 ea
875 1968 950 2035 belli
965 1980 1115 2056 tempora
1131 1972 1257 2059 cognita
1273 1971 1381 2048 fuisse,

267 2075 384 2164 quibus
417 2074 538 2141 bellum
571 2073 815 2151 intermiserint,
850 2093 933 2163 quae
968 2074 1099 2163 quidem
1133 2095 1247 2161 pacem
1275 2076 1381 2142 Niciae

266 2192 377 2248 secuta
399 2192 483 2248 sunt.
520 2182 600 2249 Cum
623 2190 730 2246 autem
752 2178 784 2245 hi
806 2179 889 2256 anni,
912 2178 1029 2268 quibus
1052 2191 1144 2246 erant
1166 2180 1237 2246 illae
1258 2179 1381 2261 ὀνόματι

267 2293 397 2352 coortat
416 2289 464 2372 (Vl
481 2295 527 2362 tc,
549 2287 590 2370 2),
612 2306 630 2351 a
652 2285 740 2352 nullo
764 2305 824 2371 pro
846 2281 923 2348 belli
939 2284 1205 2372 Peloponnesiaci
1227 2284 1381 2371 tempori-

200 2385 206 2398 ’
266 2390 328 2458 bus
345 2391 454 2458 haberi
470 2402 615 2478 possent,
638 2389 698 2456 nisi
713 2388 768 2478 qni
784 2386 906 2454 bellum
921 2388 953 2453 in
969 2388 1073 2455 Sicilia
1088 2401 1215 2476 gestum
1230 2409 1381 2478 quaeque

266 2494 328 2560 hoc
350 2506 460 2561 secuta
483 2505 601 2571 essent,
624 2493 842 2582 cognovisset,
865 2493 1043 2580 putandum
1067 2504 1117 2559 est
1132 2492 1307 2584 Thucydidi
1330 2493 1382 2559 illa

267 2597 367 2665 verba
396 2597 548 2665 scribenti
578 2597 673 2664 etiam
702 2596 765 2662 hoo
792 2594 912 2662 bellurn
936 2597 1099 2685 cognitum
1121 2597 1229 2665 fuisse.
1275 2599 1381 2677 Quare

266 2701 311 2780 fit,
334 2713 369 2768 nt
392 2713 495 2769 totum
517 2701 639 2769 bellum
662 2722 736 2768 eum
758 2702 922 2791 cognitum
945 2700 1097 2770 habuisse
1120 2713 1282 2791 putemus,
1307 2724 1381 2769 cnm

266 2806 382 2874 librum
406 2809 541 2875 alterum
563 2804 705 2872 scribere
727 2806 892 2894 inciperet.

350 2917 455 3002 Atque
483 2913 546 2979 hoc
576 2911 705 2978 minime
737 2913 783 2979 eis
805 2912 1016 2981 labefactatur
1039 2925 1221 3001 quaesunt
1244 2915 1267 2980 V
1289 2922 1381 2992 24‚2

266 3018 366 3084 ταῦτα
394 3024 428 3084 οὲ
455 3021 496 3084 τοὶ
522 3024 595 3083 diua
619 3021 673 3097 ’ἐτη
696 3014 712 3081 ὃ
731 3026 850 3098 πρῶτος
871 3021 996 3095 πόλεμος
1016 3018 1144 3094 ξυνεχῶς
1164 3021 1316 3100 γενόμενος
1336 3024 1383 3099 χέ-

266 3149 407 3204 χραπτοιι.
457 3123 541 3203 Quid
569 3121 726 3211 significet
756 3117 772 3185 ὅ
791 3123 910 3202 πρῶτος
930 3122 1056 3202 πόλεμος
1076 3125 1202 3201 ξυνεχῶς
1222 3130 1383 3205 χένομενος,

267 3228 414 3297 facillime
428 3229 619 3318 intellegas,
649 3227 675 3294 si
698 3245 868 3313 compares
889 3225 943 3292 lib.
966 3227 1051 3305 196,
1073 3235 1092 3295 2
1114 3227 1130 3292 ὁ
1149 3229 1269 3310 πρῶτος
1288 3231 1384 3313 φόρος

268 3339 404 3409 ταχθείς.
444 3335 483 3399 Ut
505 3334 590 3401 enim
613 3333 675 3399 hoc
696 3332 769 3397 loco
792 3326 808 3394 ὁ
829 3332 948 3410 πρῶτος
962 3333 1054 3416 φόρος
1068 3340 1197 3410 ταχθείς
1211 3335 1382 3421 oppositus

269 3448 319 3504 est
342 3437 370 3504 ei
394 3438 448 3526 qui
470 3448 547 3525 post
568 3439 743 3526 imperatus
766 3446 831 3512 est,
861 3435 903 3500 ita
926 3435 980 3501 illo
1002 3437 1076 3504 loco
1099 3438 1238 3524 primum
1260 3437 1382 3506 bellum

268 3542 470 3610 continenter
491 3555 618 3631 gestum
642 3540 819 3630 opponitur
834 3539 901 3606 sive
918 3538 956 3618 ei,
978 3541 1069 3631 quod
1085 3553 1161 3630 post
1177 3544 1381 3610 continenter

268 3663 395 3737 gestum
418 3659 475 3725 est,
497 3648 564 3714 sive
588 3645 734 3735 pluribus
756 3644 851 3732 hujus
869 3645 1006 3734 generis.
1041 3648 1086 3712 Ex
1100 3647 1149 3715 his
1165 3649 1260 3737 igitur
1276 3649 1381 3717 verbis

268 3750 494 3842 cognoscimus
514 3749 734 3839 Thucydidem
755 3749 835 3816 haec
858 3747 957 3816 verba
978 3750 1174 3820 scribentem
1197 3756 1298 3822 autin
1315 3755 1380 3821 duo

267 3868 322 3922 aut
351 3857 443 3945 plura
471 3856 556 3923 bella
586 3855 790 3922 continenter
812 3865 902 3944 gesta
924 3864 1029 3921 totum
1053 3855 1173 3925 bellum
1195 3860 1304 3925 XXVll
1325 3880 1382 3924 an-

269 3982 386 4026 norum
410 3961 618 4050 disposuisse.
640 3971 738 4049 atque
762 3983 801 4027 ex
825 3982 864 4027 eo
889 3961 978 4049 quod
1002 3983 1067 4027 non
1086 3963 1174 4030 initio
1191 3964 1381 4030 narrationis

268 4067 305 4151 (ll
331 4071 357 4148 1)
381 4067 440 4134 sed
462 4066 525 4135 hoc
547 4065 679 4134 demum
700 4066 773 4132 loco
796 4065 853 4133 has
877 4077 985 4154 partes
1014 4080 1262 4146 commemorat,
1293 4067 1383 4133 multi

1598 374 1610 543 l
