3262 4752
689 297 896 356 ..19-

182 519 185 524 -
234 478 331 545 tentia
353 476 524 543 refellatur.
568 476 648 540 Nam
671 474 743 563 quis
765 484 818 541 est
841 475 895 562 qui
919 475 942 542 V
964 481 1015 556 26,
1040 483 1054 541 1
1078 473 1190 560 legens
1212 482 1346 560 γέγραφα

234 590 268 649 οὲ
288 585 337 648 καὶ
359 582 458 648 ταῦτα
479 577 496 644 ὅ
516 577 604 650 αὐτὸς
620 586 804 661 Θουκυίίᾶης
822 579 975 661 Ἀθηναῖος
995 579 1068 661 ἑξῆς,
1092 575 1130 650 03⁶
1150 584 1264 646 ἕκαστα
1287 581 1348 661 ἐμέ.

233 713 310 771 οπο,
331 689 412 753 κατα
425 692 505 768 θέρη
521 687 570 751 καὶ
590 686 737 765 χειμῶνας
758 707 824 751 non
847 684 1029 751 meminerit
1051 706 1088 750 ea
1112 706 1196 773 quae
1217 699 1293 752 sunt
1314 687 1345 753 in
1458 722 1462 730 ·

233 793 322 859 initio
345 792 444 859 totius
468 791 576 879 operis
594 798 777 871 Θουκυόίίης
795 789 947 872 >Αθηναῑος
968 794 1132 875 ξυνέγραψε
1153 800 1205 855 τὸν
1223 793 1349 872 πόλεμον

232 897 293 962 τῶν
312 904 562 979 Πελοποννησίων
583 897 633 961 καὶ
654 897 819 978 Ἀθηναίων
840 890 878 966 uls
899 896 1085 977 ἐπολέμησαν
1110 898 1184 975 πρὸς
1205 895 1347 978 σίλλήλους

234 1001 397 1083 οίρξοίμουος
418 1000 513 1072 edaldo
533 1007 759 1080 καθισταμένου
781 1001 829 1064 καί
853 1001 978 1071 ἐλπίσας
997 1005 1091 1080 μέγαν
1111 1024 1144 1065 τε
1165 1005 1292 1066 ἔσεσθαι
1314 1013 1347 1068 et

234 1129 287 1196 qu.
309 1128 400 1196 sequ.
435 1107 467 1173 Si
489 1107 584 1194 igitur
605 1116 728 1172 certum
752 1115 802 1172 est
823 1105 1043 1196 Thucydidem
1067 1106 1249 1192 posteriore
1273 1107 1344 1173 loco

235 1213 258 1280 V
273 1219 313 1280 26
329 1212 408 1278 baec
422 1210 522 1278 verba
538 1210 731 1298 respexisse,
746 1210 852 1278 lacere
869 1233 934 1277 nou
950 1232 1137 1298 possumus,
1153 1210 1231 1299 quin
1246 1209 1346 1278 verba

234 1318 322 1393 V26,
338 1326 356 1384 5
372 1317 500 1401 ἐπεβίων
521 1322 555 1382 οὲ
575 1320 625 1381 οιαὶ
646 1319 757 1387 παντὸς
777 1315 872 1384 αὐτοῦ
893 1335 1120 1402 comparemus
1144 1336 1217 1383 cum
1240 1315 1346 1382 verbis

234 1422 257 1507 (l
275 1429 301 1499 1,
319 1421 346 1506 1)
363 1420 527 1502 α’ρξοίμευος
541 1419 633 1491 addis
648 1427 881 1501 καθισταμένου.
913 1421 966 1487 llis
989 1420 1083 1508 igitur
1100 1419 1208 1487 verbis
1224 1421 1348 1511 Thucy-

234 1525 326 1592 dides
358 1523 433 1592 dicit
455 1547 491 1592 se
514 1524 554 1591 ab
576 1526 665 1591 initio
688 1523 764 1591 belli
786 1525 849 1592 huc
871 1524 1014 1592 scribere
1036 1525 1217 1613 paravisse,
1246 1527 1287 1592 de
1310 1547 1346 1592 se

232 1642 339 1697 autem
363 1651 400 1698 ac
423 1630 464 1697 de
487 1641 600 1707 aetate,
624 1651 688 1719 qua
711 1651 796 1718 opus
821 1631 993 1718 scripserit,
1015 1644 1145 1717 praeter
1162 1629 1239 1696 illud
1256 1631 1346 1718 quod

232 1738 273 1804 de
296 1749 445 1824 tempore
469 1735 551 1812 dicit,
574 1756 641 1824 quo
664 1736 873 1823 coeperit,
901 1735 976 1801 nihil
999 1735 1095 1802 addit.
1147 1737 1215 1802 Hoc
1237 1747 1346 1802 autem

161 1911 163 1916 ,
231 1842 358 1910 videtur
387 1851 562 1929 propterea
597 1840 731 1918 fecisse,
763 1842 852 1930 quod
885 1842 914 1908 ei
941 1840 1021 1908 haec
1057 1839 1155 1906 verba
1192 1840 1344 1907 scribenti

231 1945 436 2034 propositum
464 1957 532 2012 erat
561 1946 623 2012 alio
654 1946 741 2022 loeo,
774 1967 847 2012 cum
881 1957 1006 2034 partem
1038 1945 1114 2012 belli
1144 1947 1346 2021 narravisset,

232 2051 323 2139 plura
346 2051 388 2117 de
409 2072 446 2117 se
469 2050 584 2117 dicere.
629 2049 661 2116 si
684 2071 762 2116 vero
785 2050 848 2118 hoo
870 2063 993 2118 certum
1017 2061 1084 2128 est,
1113 2072 1153 2116 ex
1184 2071 1224 2117 eo
1254 2052 1345 2139 quod

231 2156 263 2221 in
286 2156 394 2243 priore
418 2155 530 2243 operis
551 2165 643 2242 parte
666 2155 741 2221 nihil
765 2157 806 2222 de
829 2177 864 2222 se
888 2157 961 2223 dicit
982 2195 1026 2206 -
1047 2178 1120 2222 nam
1143 2156 1231 2244 quod
1250 2157 1344 2242 pesti-

231 2261 327 2326 lentia
349 2283 385 2328 se
409 2270 596 2349 aegrotasse
619 2271 726 2326 narrat
747 2260 810 2326 huc
832 2283 897 2327 non
921 2261 1061 2349 pertinet
1079 2299 1128 2339 -,
1151 2260 1346 2326 concluden-

232 2366 308 2432 dum
331 2377 380 2432 est
402 2388 477 2432 eum
488 2366 555 2453 jam
571 2376 648 2442 tum,
670 2387 744 2432 cum
759 2366 964 2453 prooemium
980 2366 1053 2432 libri
1068 2365 1163 2453 primi
1179 2364 1343 2444 scriberet,

232 2491 272 2536 eo
288 2470 360 2538 loco
382 2471 433 2537 illa
457 2472 497 2538 de
520 2490 556 2537 se
579 2470 701 2537 addere
724 2471 875 2548 voluisse,
898 2491 964 2560 quo
987 2469 1118 2545 addidit,
1139 2468 1169 2534 h.
1186 2491 1214 2536 e.
1233 2469 1288 2535 ubi
1302 2471 1344 2536 ad

231 2575 364 2642 alteram
380 2585 506 2662 partem
523 2575 599 2643 belli
614 2576 766 2643 transiret
806 2579 874 2644 Hoc
889 2587 996 2642 autem
1013 2575 1040 2642 si
1054 2586 1214 2663 putamus,
1231 2575 1345 2643 Ullrico

230 2681 376 2748 assentiri
393 2703 458 2747 nou
475 2703 650 2768 possumus
666 2680 830 2747 arbitranti
852 2703 927 2748 eum
945 2679 1149 2768 prooemium
1165 2678 1236 2746 libri
1253 2681 1345 2768 primi

230 2784 423 2853 scribentem
446 2785 527 2852 hano
550 2786 680 2852 alteram
702 2784 777 2852 belli
797 2797 922 2873 partem
939 2785 1084 2852 nondum
1100 2785 1302 2873 cognovisse.

315 2892 378 2958 Sed
414 2890 539 2980 gravius
573 2889 667 2955 etiam
701 2902 926 2978 argumentum
960 2911 1001 2956 ex
1035 2890 1205 2976 prooemio
1242 2893 1343 2958 altero

229 3009 355 3085 petam,
385 3017 451 3081 quo
482 2994 634 3062 Ullricum
663 2994 818 3061 refellam.
867 2996 913 3061 Sit
943 2995 1045 3071 enim,
1073 3005 1109 3060 ut
1138 2996 1341 3084 Thucydides

229 3102 371 3188 priorem
386 3099 460 3167 belli
477 3111 602 3187 partem
618 3099 853 3187 conscripserit,
870 3100 1057 3187 priusquam
1074 3098 1205 3165 alteram
1221 3120 1343 3189 cogno-

229 3206 337 3282 visset,
361 3205 481 3273 deinde
502 3226 575 3272 cum
598 3216 703 3271 totum
725 3203 845 3271 bellum
866 3204 1048 3272 confectum
1066 3213 1160 3280 esset,
1183 3203 1343 3293 reliquum

228 3310 370 3378 seribere
393 3310 551 3397 coeperit:
574 3332 641 3399 quo
660 3322 727 3376 tum
743 3310 843 3376 modo
859 3320 1010 3396 putamus
1027 3307 1057 3373 ei
1072 3308 1203 3375 alteram
1220 3321 1343 3397 partem

229 3416 477 3505 aggrediendam
494 3415 604 3482 fuisse.
637 3417 718 3481 Nam
733 3423 787 3481 aut
803 3416 909 3482 lacere
924 3423 1060 3502 poterat,
1083 3424 1117 3479 ut
1138 3415 1344 3501 prooemium

230 3523 338 3606 operis
361 3521 450 3609 prius
473 3520 644 3607 compositi
668 3521 765 3587 totius
789 3519 898 3607 operis
921 3519 1125 3606 prooemium
1148 3541 1221 3588 esse
1239 3521 1343 3594 vellet,

229 3638 282 3692 aut
311 3639 346 3694 ut
377 3627 509 3694 alteram
539 3636 664 3714 partem
695 3645 780 3692 novo
811 3623 981 3712 prooemio
1006 3636 1143 3690 ornaret.
1188 3626 1219 3692 Si
1249 3626 1344 3715 igitur

169 3797 177 3813 ,
227 3729 303 3797 illud
327 3731 500 3809 voluisset,
530 3733 733 3828 prooemium
766 3730 855 3819 quod
879 3729 968 3816 prius
990 3729 1161 3817 scripserat
1183 3732 1225 3797 ita
1248 3731 1343 3798 corri-

227 3835 370 3922 gendum
392 3849 475 3915 erat,
507 3847 540 3903 ut
563 3839 658 3903 etiam
681 3836 739 3903 toti
762 3834 851 3901 bello
874 3835 1038 3902 videretur
1064 3835 1342 3902 accommodatum

228 3959 309 4007 esse.
349 3942 428 4008 Nam
452 3964 527 4009 cum
549 3941 611 4008 hoc
634 3963 692 4008 eos
720 3939 774 4028 qui
797 3961 881 4027 epus
903 3939 1065 4029 legerent,
1096 3942 1137 4006 ita
1159 3961 1343 4027 propensos

227 4045 367 4112 reddere
403 4047 582 4115 studuisset
624 4058 659 4112 ut
694 4044 946 4133 magnitudinem
983 4043 1059 4110 belli
1095 4056 1276 4133 exponeret
1313 4058 1345 4113 et

230 4148 298 4216 aliis
328 4154 522 4240 comparatis
553 4151 739 4218 illustraret:
773 4170 857 4238 quae
885 4149 926 4216 de
949 4147 1165 4236 magnitudine
1188 4150 1321 4238 priori
1331 4173 1346 4218 s

1132 4268 1163 4320 2*
