<?xml version="1.0" encoding="UTF-8"?>
<!DOCTYPE html PUBLIC "-//W3C//DTD XHTML 1.0 Transitional//EN"
    "http://www.w3.org/TR/xhtml1/DTD/xhtml1-transitional.dtd">
<html xmlns="http://www.w3.org/1999/xhtml" xml:lang="en" lang="en">
 <head>
  <title>
</title>
<meta http-equiv="Content-Type" content="text/html;charset=utf-8" />
  <meta name='ocr-system' content='tesseract 3.04.00' />
  <meta name='ocr-capabilities' content='ocr_page ocr_carea ocr_par ocr_line ocrx_word'/>
</head>
<body>
  <div class='ocr_page' id='page_1' title='image "./inotemporethucy00kielgoog_0025.png"; bbox 0 0 3262 4752; ppageno 0'>
   <div class='ocr_carea' id='block_1_1' title="bbox 765 258 974 320">
    <p class='ocr_par' dir='ltr' id='par_1_1' title="bbox 765 258 974 320">
     <span class='ocr_line' id='line_1_1' title="bbox 765 258 974 320; baseline 0.019 -20"><span class='ocrx_word' id='word_1_1' title='bbox 765 258 974 320; x_wconf 71' lang='lat'>...20-</span> 
     </span>
    </p>
   </div>
   <div class='ocr_carea' id='block_1_2' title="bbox 303 433 1464 4208">
    <p class='ocr_par' dir='ltr' id='par_1_2' title="bbox 308 433 1424 1554">
     <span class='ocr_line' id='line_1_2' title="bbox 308 433 1424 524; baseline 0.003 -23"><span class='ocrx_word' id='word_1_2' title='bbox 308 435 384 502; x_wconf 91' lang='lat' dir='ltr'><strong>belli</strong></span> <span class='ocrx_word' id='word_1_3' title='bbox 407 435 540 512; x_wconf 79' lang='lat' dir='ltr'>dixerat,</span> <span class='ocrx_word' id='word_1_4' title='bbox 562 434 590 499; x_wconf 88' lang='lat' dir='ltr'><strong>ci</strong></span> <span class='ocrx_word' id='word_1_5' title='bbox 614 443 700 499; x_wconf 90' lang='lat' dir='ltr'><strong>tanta</strong></span> <span class='ocrx_word' id='word_1_6' title='bbox 724 433 824 500; x_wconf 89' lang='lat' dir='ltr'><strong>videri</strong></span> <span class='ocrx_word' id='word_1_7' title='bbox 847 455 912 500; x_wconf 94' lang='lat' dir='ltr'><strong>non</strong></span> <span class='ocrx_word' id='word_1_8' title='bbox 935 446 1102 521; x_wconf 81' lang='lat' dir='ltr'>poterant,</span> <span class='ocrx_word' id='word_1_9' title='bbox 1124 448 1244 524; x_wconf 86' lang='lat' dir='ltr'><strong>quanta</strong></span> <span class='ocrx_word' id='word_1_10' title='bbox 1267 439 1308 504; x_wconf 93' lang='lat' dir='ltr'><strong>de</strong></span> <span class='ocrx_word' id='word_1_11' title='bbox 1332 448 1424 504; x_wconf 91' lang='lat' dir='ltr'><strong>toto</strong></span> 
     </span>
     <span class='ocr_line' id='line_1_3' title="bbox 309 537 1424 632; baseline 0.004 -28"><span class='ocrx_word' id='word_1_12' title='bbox 309 537 562 622; x_wconf 64' lang='lat' dir='ltr'><strong>hello,dicenda</strong></span> <span class='ocrx_word' id='word_1_13' title='bbox 591 549 709 606; x_wconf 84' lang='lat' dir='ltr'><strong>essent.</strong></span> <span class='ocrx_word' id='word_1_14' title='bbox 759 539 883 604; x_wconf 79' lang='lat' dir='ltr'><strong>Etenim</strong></span> <span class='ocrx_word' id='word_1_15' title='bbox 906 551 1028 628; x_wconf 89' lang='lat' dir='ltr'><strong>quanto</strong></span> <span class='ocrx_word' id='word_1_16' title='bbox 1052 541 1155 627; x_wconf 85' lang='lat' dir='ltr'><strong>major</strong></span> <span class='ocrx_word' id='word_1_17' title='bbox 1176 552 1273 631; x_wconf 87' lang='lat' dir='ltr'><strong>atque</strong></span> <span class='ocrx_word' id='word_1_18' title='bbox 1296 543 1424 632; x_wconf 84' lang='lat' dir='ltr'><strong>gravior</strong></span> 
     </span>
     <span class='ocr_line' id='line_1_4' title="bbox 309 643 1422 738; baseline 0 -26"><span class='ocrx_word' id='word_1_19' title='bbox 309 657 359 712; x_wconf 92' lang='lat' dir='ltr'><strong>est</strong></span> <span class='ocrx_word' id='word_1_20' title='bbox 381 647 479 712; x_wconf 88' lang='lat' dir='ltr'><strong>altera</strong></span> <span class='ocrx_word' id='word_1_21' title='bbox 500 645 576 712; x_wconf 92' lang='lat' dir='ltr'><strong>belli</strong></span> <span class='ocrx_word' id='word_1_22' title='bbox 599 665 673 731; x_wconf 86' lang='lat' dir='ltr'><strong>pars</strong></span> <span class='ocrx_word' id='word_1_23' title='bbox 696 643 813 730; x_wconf 92' lang='lat' dir='ltr'><strong>priore.</strong></span> <span class='ocrx_word' id='word_1_24' title='bbox 858 645 889 711; x_wconf 91' lang='lat' dir='ltr'><strong>Si</strong></span> <span class='ocrx_word' id='word_1_25' title='bbox 916 645 1011 730; x_wconf 88' lang='lat' dir='ltr'><strong>igitur</strong></span> <span class='ocrx_word' id='word_1_26' title='bbox 1034 667 1117 735; x_wconf 90' lang='lat' dir='ltr'><strong>quae</strong></span> <span class='ocrx_word' id='word_1_27' title='bbox 1140 668 1157 712; x_wconf 94' lang='lat' dir='ltr'><strong>a</strong></span> <span class='ocrx_word' id='word_1_28' title='bbox 1181 647 1366 738; x_wconf 86' lang='lat' dir='ltr'><strong>Thucydide</strong></span> <span class='ocrx_word' id='word_1_29' title='bbox 1389 649 1422 713; x_wconf 90' lang='lat' dir='ltr'><strong>iu</strong></span> 
     </span>
     <span class='ocr_line' id='line_1_5' title="bbox 310 749 1423 839; baseline 0.001 -22"><span class='ocrx_word' id='word_1_30' title='bbox 310 753 480 839; x_wconf 90' lang='lat' dir='ltr'><strong>prooemio</strong></span> <span class='ocrx_word' id='word_1_31' title='bbox 511 749 582 816; x_wconf 85' lang='lat' dir='ltr'><strong>libri</strong></span> <span class='ocrx_word' id='word_1_32' title='bbox 606 749 698 838; x_wconf 90' lang='lat' dir='ltr'><strong>primi</strong></span> <span class='ocrx_word' id='word_1_33' title='bbox 723 751 764 816; x_wconf 91' lang='lat' dir='ltr'><strong>de</strong></span> <span class='ocrx_word' id='word_1_34' title='bbox 787 750 1005 838; x_wconf 79' lang='lat' dir='ltr'><strong>magnitudine</strong></span> <span class='ocrx_word' id='word_1_35' title='bbox 1029 750 1102 818; x_wconf 90' lang='lat' dir='ltr'><strong>belli</strong></span> <span class='ocrx_word' id='word_1_36' title='bbox 1126 752 1208 819; x_wconf 92' lang='lat' dir='ltr'><strong>dicta</strong></span> <span class='ocrx_word' id='word_1_37' title='bbox 1232 764 1322 829; x_wconf 88' lang='lat' dir='ltr'><strong>sunt,</strong></span> <span class='ocrx_word' id='word_1_38' title='bbox 1351 753 1423 820; x_wconf 92' lang='lat' dir='ltr'><strong>sola</strong></span> 
     </span>
     <span class='ocr_line' id='line_1_6' title="bbox 309 855 1423 944; baseline 0.003 -22"><span class='ocrx_word' id='word_1_39' title='bbox 309 857 351 922; x_wconf 92' lang='lat' dir='ltr'><strong>de</strong></span> <span class='ocrx_word' id='word_1_40' title='bbox 374 856 482 943; x_wconf 92' lang='lat' dir='ltr'><strong>priore</strong></span> <span class='ocrx_word' id='word_1_41' title='bbox 505 865 612 943; x_wconf 88' lang='lat' dir='ltr'><strong>parte,</strong></span> <span class='ocrx_word' id='word_1_42' title='bbox 635 875 718 943; x_wconf 87' lang='lat' dir='ltr'><strong>qnae</strong></span> <span class='ocrx_word' id='word_1_43' title='bbox 742 876 802 941; x_wconf 92' lang='lat' dir='ltr'><strong>pro</strong></span> <span class='ocrx_word' id='word_1_44' title='bbox 825 855 1007 944; x_wconf 88' lang='lat' dir='ltr'><strong>posteriore</strong></span> <span class='ocrx_word' id='word_1_45' title='bbox 1030 855 1097 921; x_wconf 89' lang='lat' dir='ltr'><strong>lere</strong></span> <span class='ocrx_word' id='word_1_46' title='bbox 1120 877 1218 942; x_wconf 88' lang='lat' dir='ltr'><strong>parva</strong></span> <span class='ocrx_word' id='word_1_47' title='bbox 1241 872 1317 932; x_wconf 87' lang='lat' dir='ltr'><strong>erat,</strong></span> <span class='ocrx_word' id='word_1_48' title='bbox 1339 859 1423 926; x_wconf 90' lang='lat' dir='ltr'><strong>dicta</strong></span> 
     </span>
     <span class='ocr_line' id='line_1_7' title="bbox 309 959 1420 1054; baseline 0.005 -28"><span class='ocrx_word' id='word_1_49' title='bbox 309 972 432 1028; x_wconf 85' lang='lat' dir='ltr'><strong>essent:</strong></span> <span class='ocrx_word' id='word_1_50' title='bbox 455 972 575 1051; x_wconf 89' lang='lat' dir='ltr'><strong>quanto</strong></span> <span class='ocrx_word' id='word_1_51' title='bbox 598 960 690 1026; x_wconf 91' lang='lat' dir='ltr'><strong>altius</strong></span> <span class='ocrx_word' id='word_1_52' title='bbox 712 960 792 1026; x_wconf 89' lang='lat' dir='ltr'><strong>haec</strong></span> <span class='ocrx_word' id='word_1_53' title='bbox 814 960 977 1047; x_wconf 81' lang='lat' dir='ltr'><strong>posterior</strong></span> <span class='ocrx_word' id='word_1_54' title='bbox 999 959 1164 1028; x_wconf 85' lang='lat' dir='ltr'><strong>efferenda</strong></span> <span class='ocrx_word' id='word_1_55' title='bbox 1187 975 1264 1029; x_wconf 91' lang='lat' dir='ltr'><strong>erat.</strong></span> <span class='ocrx_word' id='word_1_56' title='bbox 1309 967 1420 1054; x_wconf 81' lang='lat' dir='ltr'><strong>ltaque</strong></span> 
     </span>
     <span class='ocr_line' id='line_1_8' title="bbox 308 1065 1419 1156; baseline 0.005 -25"><span class='ocrx_word' id='word_1_57' title='bbox 308 1065 511 1156; x_wconf 84' lang='lat' dir='ltr'><strong>Thucydides</strong></span> <span class='ocrx_word' id='word_1_58' title='bbox 534 1067 561 1132; x_wconf 91' lang='lat' dir='ltr'><strong>si</strong></span> <span class='ocrx_word' id='word_1_59' title='bbox 583 1066 739 1132; x_wconf 91' lang='lat' dir='ltr'><strong>voluisset</strong></span> <span class='ocrx_word' id='word_1_60' title='bbox 760 1065 964 1152; x_wconf 89' lang='lat' dir='ltr'><strong>prooemium</strong></span> <span class='ocrx_word' id='word_1_61' title='bbox 989 1066 1104 1153; x_wconf 91' lang='lat' dir='ltr'><strong>prioris</strong></span> <span class='ocrx_word' id='word_1_62' title='bbox 1120 1065 1195 1133; x_wconf 88' lang='lat' dir='ltr'><strong>belli</strong></span> <span class='ocrx_word' id='word_1_63' title='bbox 1212 1069 1306 1136; x_wconf 93' lang='lat' dir='ltr'><strong>etiam</strong></span> <span class='ocrx_word' id='word_1_64' title='bbox 1323 1072 1419 1137; x_wconf 88' lang='lat' dir='ltr'><strong>totius</strong></span> 
     </span>
     <span class='ocr_line' id='line_1_9' title="bbox 309 1170 1419 1259; baseline 0.004 -23"><span class='ocrx_word' id='word_1_65' title='bbox 309 1192 392 1248; x_wconf 88' lang='lat' dir='ltr'><strong>esse,</strong></span> <span class='ocrx_word' id='word_1_66' title='bbox 415 1171 519 1237; x_wconf 88' lang='lat' dir='ltr'><strong>lacere</strong></span> <span class='ocrx_word' id='word_1_67' title='bbox 542 1193 607 1238; x_wconf 89' lang='lat' dir='ltr'><strong>non</strong></span> <span class='ocrx_word' id='word_1_68' title='bbox 630 1180 759 1259; x_wconf 89' lang='lat' dir='ltr'><strong>poterat</strong></span> <span class='ocrx_word' id='word_1_69' title='bbox 781 1171 857 1258; x_wconf 88' lang='lat' dir='ltr'><strong>quin</strong></span> <span class='ocrx_word' id='word_1_70' title='bbox 881 1171 909 1236; x_wconf 89' lang='lat' dir='ltr'><strong>ei</strong></span> <span class='ocrx_word' id='word_1_71' title='bbox 932 1170 1030 1237; x_wconf 89' lang='lat' dir='ltr'><strong>multa</strong></span> <span class='ocrx_word' id='word_1_72' title='bbox 1046 1172 1190 1238; x_wconf 82' lang='lat' dir='ltr'><strong>adderet.</strong></span> <span class='ocrx_word' id='word_1_73' title='bbox 1226 1174 1294 1242; x_wconf 90' lang='lat' dir='ltr'><strong>Hoc</strong></span> <span class='ocrx_word' id='word_1_74' title='bbox 1313 1184 1419 1240; x_wconf 90' lang='lat' dir='ltr'><strong>tamen</strong></span> 
     </span>
     <span class='ocr_line' id='line_1_10' title="bbox 309 1275 1420 1365; baseline 0.003 -25"><span class='ocrx_word' id='word_1_75' title='bbox 309 1297 382 1341; x_wconf 93' lang='lat' dir='ltr'><strong>eum</strong></span> <span class='ocrx_word' id='word_1_76' title='bbox 409 1299 471 1342; x_wconf 92' lang='lat' dir='ltr'><strong>non</strong></span> <span class='ocrx_word' id='word_1_77' title='bbox 496 1277 611 1344; x_wconf 82' lang='lat' dir='ltr'><strong>fecisse</strong></span> <span class='ocrx_word' id='word_1_78' title='bbox 634 1288 666 1342; x_wconf 88' lang='lat' dir='ltr'><strong>et</strong></span> <span class='ocrx_word' id='word_1_79' title='bbox 689 1275 821 1341; x_wconf 89' lang='lat' dir='ltr'><strong>Ullricus</strong></span> <span class='ocrx_word' id='word_1_80' title='bbox 844 1284 935 1361; x_wconf 91' lang='lat' dir='ltr'><strong>putat</strong></span> <span class='ocrx_word' id='word_1_81' title='bbox 958 1287 990 1341; x_wconf 93' lang='lat' dir='ltr'><strong>et</strong></span> <span class='ocrx_word' id='word_1_82' title='bbox 1012 1295 1125 1342; x_wconf 91' lang='lat' dir='ltr'><strong>omnes</strong></span> <span class='ocrx_word' id='word_1_83' title='bbox 1148 1277 1203 1365; x_wconf 91' lang='lat' dir='ltr'><strong>qui</strong></span> <span class='ocrx_word' id='word_1_84' title='bbox 1227 1301 1301 1344; x_wconf 92' lang='lat' dir='ltr'><strong>enm</strong></span> <span class='ocrx_word' id='word_1_85' title='bbox 1320 1280 1420 1346; x_wconf 91' lang='lat' dir='ltr'><strong>secuti</strong></span> 
     </span>
     <span class='ocr_line' id='line_1_11' title="bbox 308 1379 1420 1470; baseline 0.002 -24"><span class='ocrx_word' id='word_1_86' title='bbox 308 1381 501 1447; x_wconf 87' lang='lat' dir='ltr'><strong>arbitrantur</strong></span> <span class='ocrx_word' id='word_1_87' title='bbox 536 1384 725 1470; x_wconf 87' lang='lat' dir='ltr'><strong>scriptorem</strong></span> <span class='ocrx_word' id='word_1_88' title='bbox 763 1381 826 1446; x_wconf 90' lang='lat' dir='ltr'><strong>hoc</strong></span> <span class='ocrx_word' id='word_1_89' title='bbox 862 1381 1065 1466; x_wconf 90' lang='lat' dir='ltr'><strong>prooemium</strong></span> <span class='ocrx_word' id='word_1_90' title='bbox 1103 1379 1296 1448; x_wconf 84' lang='lat' dir='ltr'><strong>scribentem</strong></span> <span class='ocrx_word' id='word_1_91' title='bbox 1333 1384 1420 1470; x_wconf 93' lang='lat' dir='ltr'><strong>prius</strong></span> 
     </span>
     <span class='ocr_line' id='line_1_12' title="bbox 308 1483 845 1554; baseline 0 -4"><span class='ocrx_word' id='word_1_92' title='bbox 308 1483 429 1551; x_wconf 92' lang='lat' dir='ltr'><strong>hellum</strong></span> <span class='ocrx_word' id='word_1_93' title='bbox 452 1498 526 1554; x_wconf 91' lang='lat' dir='ltr'><strong>ante</strong></span> <span class='ocrx_word' id='word_1_94' title='bbox 550 1488 661 1554; x_wconf 92' lang='lat' dir='ltr'><strong>oculos</strong></span> <span class='ocrx_word' id='word_1_95' title='bbox 684 1484 845 1552; x_wconf 88' lang='lat' dir='ltr'><strong>hahuisse.</strong></span> 
     </span>
    </p>

    <p class='ocr_par' dir='ltr' id='par_1_3' title="bbox 305 1588 1464 3131">
     <span class='ocr_line' id='line_1_13' title="bbox 393 1588 1464 1685; baseline 0.001 -27"><span class='ocrx_word' id='word_1_96' title='bbox 393 1596 504 1685; x_wconf 90' lang='lat' dir='ltr'><strong>ltaque</strong></span> <span class='ocrx_word' id='word_1_97' title='bbox 528 1593 662 1658; x_wconf 91' lang='lat' dir='ltr'><strong>alterum</strong></span> <span class='ocrx_word' id='word_1_98' title='bbox 687 1590 890 1678; x_wconf 89' lang='lat' dir='ltr'><strong>prooemium</strong></span> <span class='ocrx_word' id='word_1_99' title='bbox 913 1588 1119 1656; x_wconf 92' lang='lat' dir='ltr'><strong>scribendum</strong></span> <span class='ocrx_word' id='word_1_100' title='bbox 1142 1592 1214 1669; x_wconf 87' lang='lat' dir='ltr'><strong>luit,</strong></span> <span class='ocrx_word' id='word_1_101' title='bbox 1244 1613 1317 1660; x_wconf 90' lang='lat' dir='ltr'><strong>cnm</strong></span> <span class='ocrx_word' id='word_1_102' title='bbox 1346 1593 1420 1661; x_wconf 91' lang='lat' dir='ltr'><strong>belli</strong></span> <span class='ocrx_word' id='word_1_103' title='bbox 1462 1615 1464 1619; x_wconf 74' lang='grc'>’</span> 
     </span>
     <span class='ocr_line' id='line_1_14' title="bbox 309 1695 1420 1787; baseline 0.001 -22"><span class='ocrx_word' id='word_1_104' title='bbox 309 1699 524 1787; x_wconf 86' lang='lat' dir='ltr'><strong>posteriorem</strong></span> <span class='ocrx_word' id='word_1_105' title='bbox 548 1715 671 1786; x_wconf 90' lang='lat' dir='ltr'><strong>partem</strong></span> <span class='ocrx_word' id='word_1_106' title='bbox 696 1715 824 1762; x_wconf 89' lang='lat' dir='ltr'><strong>narrare</strong></span> <span class='ocrx_word' id='word_1_107' title='bbox 846 1695 1010 1781; x_wconf 86' lang='lat' dir='ltr'><strong>inciperet,</strong></span> <span class='ocrx_word' id='word_1_108' title='bbox 1034 1697 1122 1784; x_wconf 90' lang='lat' dir='ltr'><strong>quod</strong></span> <span class='ocrx_word' id='word_1_109' title='bbox 1140 1697 1272 1785; x_wconf 92' lang='lat' dir='ltr'><strong>quidem</strong></span> <span class='ocrx_word' id='word_1_110' title='bbox 1288 1699 1420 1766; x_wconf 92' lang='lat' dir='ltr'><strong>Ullricus</strong></span> 
     </span>
     <span class='ocr_line' id='line_1_15' title="bbox 309 1800 1418 1893; baseline 0 -23"><span class='ocrx_word' id='word_1_111' title='bbox 309 1805 431 1893; x_wconf 90' lang='lat' dir='ltr'><strong>quique</strong></span> <span class='ocrx_word' id='word_1_112' title='bbox 454 1827 528 1870; x_wconf 90' lang='lat' dir='ltr'><strong>cnm</strong></span> <span class='ocrx_word' id='word_1_113' title='bbox 551 1813 732 1892; x_wconf 88' lang='lat' dir='ltr'><strong>sequnntur</strong></span> <span class='ocrx_word' id='word_1_114' title='bbox 753 1800 805 1866; x_wconf 90' lang='lat' dir='ltr'><strong>lib.</strong></span> <span class='ocrx_word' id='word_1_115' title='bbox 822 1802 846 1866; x_wconf 87' lang='lat' dir='ltr'>V</span> <span class='ocrx_word' id='word_1_116' title='bbox 862 1821 928 1887; x_wconf 90' lang='lat' dir='ltr'><strong>cap.</strong></span> <span class='ocrx_word' id='word_1_117' title='bbox 949 1807 990 1868; x_wconf 82' lang='lat'><strong>26</strong></span> <span class='ocrx_word' id='word_1_118' title='bbox 1013 1801 1169 1867; x_wconf 88' lang='lat' dir='ltr'><strong>contineri</strong></span> <span class='ocrx_word' id='word_1_119' title='bbox 1191 1814 1313 1890; x_wconf 87' lang='lat' dir='ltr'><strong>putant.</strong></span> <span class='ocrx_word' id='word_1_120' title='bbox 1354 1804 1418 1870; x_wconf 89' lang='lat' dir='ltr'><strong>Sed</strong></span> 
     </span>
     <span class='ocr_line' id='line_1_16' title="bbox 309 1904 1421 1996; baseline 0 -22"><span class='ocrx_word' id='word_1_121' title='bbox 309 1929 370 1996; x_wconf 92' lang='lat' dir='ltr'><strong>ego</strong></span> <span class='ocrx_word' id='word_1_122' title='bbox 394 1929 434 1973; x_wconf 84' lang='lat' dir='ltr'><strong>ex</strong></span> <span class='ocrx_word' id='word_1_123' title='bbox 456 1908 504 1974; x_wconf 92' lang='lat' dir='ltr'><strong>his</strong></span> <span class='ocrx_word' id='word_1_124' title='bbox 529 1927 668 1996; x_wconf 82' lang='lat' dir='ltr'><strong>quaero,</strong></span> <span class='ocrx_word' id='word_1_125' title='bbox 690 1928 767 1971; x_wconf 93' lang='lat' dir='ltr'><strong>num</strong></span> <span class='ocrx_word' id='word_1_126' title='bbox 790 1905 840 1971; x_wconf 90' lang='lat' dir='ltr'><strong>hic</strong></span> <span class='ocrx_word' id='word_1_127' title='bbox 861 1904 970 1980; x_wconf 89' lang='lat' dir='ltr'><strong>locus,</strong></span> <span class='ocrx_word' id='word_1_128' title='bbox 993 1905 1019 1969; x_wconf 90' lang='lat' dir='ltr'><strong>si</strong></span> <span class='ocrx_word' id='word_1_129' title='bbox 1042 1927 1114 1971; x_wconf 92' lang='lat' dir='ltr'><strong>cum</strong></span> <span class='ocrx_word' id='word_1_130' title='bbox 1137 1907 1231 1993; x_wconf 93' lang='lat' dir='ltr'><strong>primi</strong></span> <span class='ocrx_word' id='word_1_131' title='bbox 1253 1908 1323 1974; x_wconf 87' lang='lat' dir='ltr'><strong>libri</strong></span> <span class='ocrx_word' id='word_1_132' title='bbox 1346 1930 1421 1995; x_wconf 91' lang='lat' dir='ltr'><strong>pro-</strong></span> 
     </span>
     <span class='ocr_line' id='line_1_17' title="bbox 309 2009 1420 2100; baseline 0 -21"><span class='ocrx_word' id='word_1_133' title='bbox 309 2014 416 2080; x_wconf 87' lang='lat' dir='ltr'><strong>oemio</strong></span> <span class='ocrx_word' id='word_1_134' title='bbox 440 2022 653 2100; x_wconf 89' lang='lat' dir='ltr'><strong>comparatur,</strong></span> <span class='ocrx_word' id='word_1_135' title='bbox 676 2030 736 2097; x_wconf 91' lang='lat' dir='ltr'><strong>pro</strong></span> <span class='ocrx_word' id='word_1_136' title='bbox 761 2031 845 2075; x_wconf 91' lang='lat' dir='ltr'><strong>novo</strong></span> <span class='ocrx_word' id='word_1_137' title='bbox 868 2009 1038 2096; x_wconf 89' lang='lat' dir='ltr'><strong>prooemio</strong></span> <span class='ocrx_word' id='word_1_138' title='bbox 1062 2011 1171 2077; x_wconf 92' lang='lat' dir='ltr'><strong>haberi</strong></span> <span class='ocrx_word' id='word_1_139' title='bbox 1193 2013 1305 2099; x_wconf 83' lang='lat' dir='ltr'><strong>possit.</strong></span> <span class='ocrx_word' id='word_1_140' title='bbox 1343 2013 1420 2092; x_wconf 87' lang='lat' dir='ltr'><strong>Quis</strong></span> 
     </span>
     <span class='ocr_line' id='line_1_18' title="bbox 307 2114 1421 2207; baseline -0.001 -22"><span class='ocrx_word' id='word_1_141' title='bbox 307 2118 366 2185; x_wconf 91' lang='lat' dir='ltr'><strong>sihi</strong></span> <span class='ocrx_word' id='word_1_142' title='bbox 391 2118 588 2206; x_wconf 86' lang='lat' dir='ltr'><strong>persuadere</strong></span> <span class='ocrx_word' id='word_1_143' title='bbox 611 2125 720 2203; x_wconf 90' lang='lat' dir='ltr'><strong>potest</strong></span> <span class='ocrx_word' id='word_1_144' title='bbox 741 2116 881 2182; x_wconf 89' lang='lat' dir='ltr'><strong>eundem</strong></span> <span class='ocrx_word' id='word_1_145' title='bbox 898 2114 1098 2201; x_wconf 89' lang='lat' dir='ltr'><strong>scriptorem,</strong></span> <span class='ocrx_word' id='word_1_146' title='bbox 1122 2117 1176 2204; x_wconf 90' lang='lat' dir='ltr'><strong>qui</strong></span> <span class='ocrx_word' id='word_1_147' title='bbox 1193 2139 1250 2185; x_wconf 89' lang='lat' dir='ltr'><strong>eos</strong></span> <span class='ocrx_word' id='word_1_148' title='bbox 1267 2119 1320 2207; x_wconf 91' lang='lat' dir='ltr'><strong>qui</strong></span> <span class='ocrx_word' id='word_1_149' title='bbox 1337 2140 1421 2205; x_wconf 91' lang='lat' dir='ltr'><strong>opus</strong></span> 
     </span>
     <span class='ocr_line' id='line_1_19' title="bbox 306 2219 1421 2314; baseline -0.006 -23"><span class='ocrx_word' id='word_1_150' title='bbox 306 2226 414 2314; x_wconf 83' lang='lat' dir='ltr'><strong>legant</strong></span> <span class='ocrx_word' id='word_1_151' title='bbox 435 2226 544 2312; x_wconf 91' lang='lat' dir='ltr'><strong>priore</strong></span> <span class='ocrx_word' id='word_1_152' title='bbox 567 2222 737 2311; x_wconf 92' lang='lat' dir='ltr'><strong>prooemio</strong></span> <span class='ocrx_word' id='word_1_153' title='bbox 761 2223 802 2287; x_wconf 91' lang='lat' dir='ltr'><strong>ita</strong></span> <span class='ocrx_word' id='word_1_154' title='bbox 825 2219 885 2288; x_wconf 87' lang='lat' dir='ltr'><strong>sibi</strong></span> <span class='ocrx_word' id='word_1_155' title='bbox 905 2240 1088 2307; x_wconf 89' lang='lat' dir='ltr'><strong>propensos</strong></span> <span class='ocrx_word' id='word_1_156' title='bbox 1105 2222 1228 2298; x_wconf 89' lang='lat' dir='ltr'><strong>reddat,</strong></span> <span class='ocrx_word' id='word_1_157' title='bbox 1250 2233 1286 2287; x_wconf 93' lang='lat' dir='ltr'><strong>ut</strong></span> <span class='ocrx_word' id='word_1_158' title='bbox 1302 2221 1421 2310; x_wconf 89' lang='lat' dir='ltr'><strong>magni-</strong></span> 
     </span>
     <span class='ocr_line' id='line_1_20' title="bbox 307 2328 1420 2417; baseline -0.004 -21"><span class='ocrx_word' id='word_1_159' title='bbox 307 2331 451 2397; x_wconf 89' lang='lat' dir='ltr'><strong>tudinem</strong></span> <span class='ocrx_word' id='word_1_160' title='bbox 479 2329 554 2396; x_wconf 97' lang='lat' dir='ltr'><strong>helli</strong></span> <span class='ocrx_word' id='word_1_161' title='bbox 584 2329 672 2417; x_wconf 88' lang='lat' dir='ltr'><strong>qnod</strong></span> <span class='ocrx_word' id='word_1_162' title='bbox 697 2329 873 2416; x_wconf 89' lang='lat' dir='ltr'><strong>scripturus</strong></span> <span class='ocrx_word' id='word_1_163' title='bbox 896 2337 946 2392; x_wconf 91' lang='lat' dir='ltr'><strong>est</strong></span> <span class='ocrx_word' id='word_1_164' title='bbox 969 2347 1166 2416; x_wconf 89' lang='lat' dir='ltr'><strong>quocunque</strong></span> <span class='ocrx_word' id='word_1_165' title='bbox 1188 2339 1299 2413; x_wconf 88' lang='lat' dir='ltr'><strong>potest</strong></span> <span class='ocrx_word' id='word_1_166' title='bbox 1320 2328 1420 2394; x_wconf 91' lang='lat' dir='ltr'><strong>modo</strong></span> 
     </span>
     <span class='ocr_line' id='line_1_21' title="bbox 306 2430 1419 2519; baseline -0.002 -21"><span class='ocrx_word' id='word_1_167' title='bbox 306 2436 458 2510; x_wconf 90' lang='lat' dir='ltr'><strong>illustret,</strong></span> <span class='ocrx_word' id='word_1_168' title='bbox 483 2435 514 2499; x_wconf 92' lang='lat' dir='ltr'><strong>in</strong></span> <span class='ocrx_word' id='word_1_169' title='bbox 538 2434 639 2500; x_wconf 84' lang='lat' dir='ltr'><strong>altero</strong></span> <span class='ocrx_word' id='word_1_170' title='bbox 664 2433 737 2499; x_wconf 91' lang='lat' dir='ltr'><strong>nihil</strong></span> <span class='ocrx_word' id='word_1_171' title='bbox 761 2453 891 2498; x_wconf 87' lang='lat' dir='ltr'><strong>narrare</strong></span> <span class='ocrx_word' id='word_1_172' title='bbox 915 2432 956 2497; x_wconf 93' lang='lat' dir='ltr'><strong>de</strong></span> <span class='ocrx_word' id='word_1_173' title='bbox 979 2432 1198 2519; x_wconf 83' lang='lat' dir='ltr'><strong>magnitudine</strong></span> <span class='ocrx_word' id='word_1_174' title='bbox 1220 2430 1296 2497; x_wconf 93' lang='lat' dir='ltr'><strong>belli</strong></span> <span class='ocrx_word' id='word_1_175' title='bbox 1319 2432 1419 2498; x_wconf 92' lang='lat' dir='ltr'><strong>multo</strong></span> 
     </span>
     <span class='ocr_line' id='line_1_22' title="bbox 308 2535 1419 2627; baseline 0 -24"><span class='ocrx_word' id='word_1_176' title='bbox 308 2539 461 2627; x_wconf 89' lang='lat' dir='ltr'><strong>gravioris</strong></span> <span class='ocrx_word' id='word_1_177' title='bbox 490 2537 580 2625; x_wconf 91' lang='lat' dir='ltr'><strong>quod</strong></span> <span class='ocrx_word' id='word_1_178' title='bbox 609 2537 786 2623; x_wconf 87' lang='lat' dir='ltr'><strong>scripturus</strong></span> <span class='ocrx_word' id='word_1_179' title='bbox 815 2549 872 2602; x_wconf 88' lang='lat' dir='ltr'><strong>est.</strong></span> <span class='ocrx_word' id='word_1_180' title='bbox 917 2535 1032 2601; x_wconf 92' lang='lat' dir='ltr'><strong>Nonne</strong></span> <span class='ocrx_word' id='word_1_181' title='bbox 1056 2537 1086 2601; x_wconf 94' lang='lat' dir='ltr'><strong>in</strong></span> <span class='ocrx_word' id='word_1_182' title='bbox 1110 2536 1172 2603; x_wconf 93' lang='lat' dir='ltr'><strong>hoc</strong></span> <span class='ocrx_word' id='word_1_183' title='bbox 1193 2538 1294 2604; x_wconf 88' lang='lat' dir='ltr'><strong>altero</strong></span> <span class='ocrx_word' id='word_1_184' title='bbox 1319 2538 1419 2603; x_wconf 91' lang='lat' dir='ltr'><strong>multo</strong></span> 
     </span>
     <span class='ocr_line' id='line_1_23' title="bbox 308 2640 1421 2731; baseline 0 -22"><span class='ocrx_word' id='word_1_185' title='bbox 308 2643 451 2731; x_wconf 87' lang='lat' dir='ltr'><strong>pluribus</strong></span> <span class='ocrx_word' id='word_1_186' title='bbox 484 2640 590 2707; x_wconf 88' lang='lat' dir='ltr'><strong>verbis</strong></span> <span class='ocrx_word' id='word_1_187' title='bbox 620 2642 807 2730; x_wconf 83' lang='lat' dir='ltr'><strong>magnitudo</strong></span> <span class='ocrx_word' id='word_1_188' title='bbox 835 2640 909 2708; x_wconf 92' lang='lat' dir='ltr'><strong>belli</strong></span> <span class='ocrx_word' id='word_1_189' title='bbox 939 2640 1128 2728; x_wconf 89' lang='lat' dir='ltr'><strong>posterioris</strong></span> <span class='ocrx_word' id='word_1_190' title='bbox 1157 2641 1321 2708; x_wconf 87' lang='lat' dir='ltr'><strong>efferenda</strong></span> <span class='ocrx_word' id='word_1_191' title='bbox 1352 2655 1421 2709; x_wconf 91' lang='lat' dir='ltr'><strong>erat</strong></span> 
     </span>
     <span class='ocr_line' id='line_1_24' title="bbox 306 2744 1419 2834; baseline 0 -20"><span class='ocrx_word' id='word_1_192' title='bbox 306 2769 364 2814; x_wconf 90' lang='lat' dir='ltr'><strong>seu</strong></span> <span class='ocrx_word' id='word_1_193' title='bbox 388 2747 474 2813; x_wconf 90' lang='lat' dir='ltr'><strong>hello</strong></span> <span class='ocrx_word' id='word_1_194' title='bbox 497 2749 605 2834; x_wconf 91' lang='lat' dir='ltr'><strong>priore</strong></span> <span class='ocrx_word' id='word_1_195' title='bbox 628 2756 816 2833; x_wconf 89' lang='lat' dir='ltr'><strong>comparato</strong></span> <span class='ocrx_word' id='word_1_196' title='bbox 838 2768 896 2812; x_wconf 92' lang='lat' dir='ltr'><strong>seu</strong></span> <span class='ocrx_word' id='word_1_197' title='bbox 920 2744 981 2810; x_wconf 92' lang='lat' dir='ltr'><strong>alio</strong></span> <span class='ocrx_word' id='word_1_198' title='bbox 1005 2747 1129 2813; x_wconf 81' lang='lat' dir='ltr'><strong>modo?</strong></span> <span class='ocrx_word' id='word_1_199' title='bbox 1173 2748 1267 2826; x_wconf 83' lang='lat' dir='ltr'><strong>Quod</strong></span> <span class='ocrx_word' id='word_1_200' title='bbox 1292 2769 1364 2814; x_wconf 94' lang='lat' dir='ltr'><strong>cum</strong></span> <span class='ocrx_word' id='word_1_201' title='bbox 1388 2750 1419 2815; x_wconf 95' lang='lat' dir='ltr'><strong>in</strong></span> 
     </span>
     <span class='ocr_line' id='line_1_25' title="bbox 306 2852 1421 2940; baseline 0.003 -21"><span class='ocrx_word' id='word_1_202' title='bbox 306 2852 477 2940; x_wconf 90' lang='lat' dir='ltr'><strong>prooemio</strong></span> <span class='ocrx_word' id='word_1_203' title='bbox 507 2853 607 2918; x_wconf 88' lang='lat' dir='ltr'><strong>altero</strong></span> <span class='ocrx_word' id='word_1_204' title='bbox 639 2853 728 2940; x_wconf 90' lang='lat' dir='ltr'><strong>quod</strong></span> <span class='ocrx_word' id='word_1_205' title='bbox 759 2863 876 2918; x_wconf 90' lang='lat' dir='ltr'><strong>vocant</strong></span> <span class='ocrx_word' id='word_1_206' title='bbox 905 2852 1022 2917; x_wconf 89' lang='lat' dir='ltr'><strong>lactum</strong></span> <span class='ocrx_word' id='word_1_207' title='bbox 1053 2873 1118 2916; x_wconf 93' lang='lat' dir='ltr'><strong>non</strong></span> <span class='ocrx_word' id='word_1_208' title='bbox 1148 2874 1221 2920; x_wconf 89' lang='lat' dir='ltr'><strong>esse</strong></span> <span class='ocrx_word' id='word_1_209' title='bbox 1243 2855 1421 2932; x_wconf 90' lang='lat' dir='ltr'><strong>videamus,</strong></span> 
     </span>
     <span class='ocr_line' id='line_1_26' title="bbox 305 2956 1420 3046; baseline 0.004 -23"><span class='ocrx_word' id='word_1_210' title='bbox 305 2959 412 3025; x_wconf 83' lang='lat' dir='ltr'><strong>facere</strong></span> <span class='ocrx_word' id='word_1_211' title='bbox 436 2980 500 3025; x_wconf 90' lang='lat' dir='ltr'><strong>non</strong></span> <span class='ocrx_word' id='word_1_212' title='bbox 524 2980 707 3046; x_wconf 88' lang='lat' dir='ltr'><strong>possumus,</strong></span> <span class='ocrx_word' id='word_1_213' title='bbox 730 2968 765 3022; x_wconf 92' lang='lat' dir='ltr'><strong>ut</strong></span> <span class='ocrx_word' id='word_1_214' title='bbox 786 2956 849 3023; x_wconf 93' lang='lat' dir='ltr'><strong>hoc</strong></span> <span class='ocrx_word' id='word_1_215' title='bbox 871 2977 931 3043; x_wconf 93' lang='lat' dir='ltr'><strong>pro</strong></span> <span class='ocrx_word' id='word_1_216' title='bbox 947 2975 1025 3020; x_wconf 87' lang='lat' dir='ltr'><strong>vero</strong></span> <span class='ocrx_word' id='word_1_217' title='bbox 1043 2957 1213 3041; x_wconf 89' lang='lat' dir='ltr'><strong>prooemio</strong></span> <span class='ocrx_word' id='word_1_218' title='bbox 1230 2959 1420 3046; x_wconf 89' lang='lat' dir='ltr'><strong>posterioris</strong></span> 
     </span>
     <span class='ocr_line' id='line_1_27' title="bbox 306 3063 588 3131; baseline -0.007 -2"><span class='ocrx_word' id='word_1_219' title='bbox 306 3063 381 3130; x_wconf 91' lang='lat' dir='ltr'><strong>belli</strong></span> <span class='ocrx_word' id='word_1_220' title='bbox 402 3063 588 3131; x_wconf 91' lang='lat' dir='ltr'><strong>habeamus.</strong></span> 
     </span>
    </p>

    <p class='ocr_par' dir='ltr' id='par_1_4' title="bbox 303 3167 1420 4208">
     <span class='ocr_line' id='line_1_28' title="bbox 391 3167 1420 3258; baseline 0.006 -26"><span class='ocrx_word' id='word_1_221' title='bbox 391 3169 537 3256; x_wconf 88' lang='lat' dir='ltr'><strong>Denique</strong></span> <span class='ocrx_word' id='word_1_222' title='bbox 566 3169 695 3235; x_wconf 89' lang='lat' dir='ltr'><strong>tertium</strong></span> <span class='ocrx_word' id='word_1_223' title='bbox 725 3175 950 3254; x_wconf 87' lang='lat' dir='ltr'><strong>argumentum</strong></span> <span class='ocrx_word' id='word_1_224' title='bbox 981 3167 1108 3233; x_wconf 89' lang='lat' dir='ltr'><strong>videtur</strong></span> <span class='ocrx_word' id='word_1_225' title='bbox 1140 3168 1248 3235; x_wconf 92' lang='lat' dir='ltr'><strong>inesse</strong></span> <span class='ocrx_word' id='word_1_226' title='bbox 1281 3170 1310 3235; x_wconf 90' lang='lat' dir='ltr'><strong>in</strong></span> <span class='ocrx_word' id='word_1_227' title='bbox 1345 3193 1420 3258; x_wconf 90' lang='lat' dir='ltr'><strong>pro-</strong></span> 
     </span>
     <span class='ocr_line' id='line_1_29' title="bbox 307 3271 1419 3363; baseline 0.002 -23"><span class='ocrx_word' id='word_1_228' title='bbox 307 3273 428 3347; x_wconf 90' lang='lat' dir='ltr'><strong>oemiis,</strong></span> <span class='ocrx_word' id='word_1_229' title='bbox 451 3295 516 3361; x_wconf 92' lang='lat' dir='ltr'><strong>quo</strong></span> <span class='ocrx_word' id='word_1_230' title='bbox 533 3273 636 3339; x_wconf 91' lang='lat' dir='ltr'><strong>Ullrici</strong></span> <span class='ocrx_word' id='word_1_231' title='bbox 658 3271 817 3339; x_wconf 89' lang='lat' dir='ltr'><strong>sententia</strong></span> <span class='ocrx_word' id='word_1_232' title='bbox 840 3271 1013 3337; x_wconf 83' lang='lat' dir='ltr'><strong>refellatur.</strong></span> <span class='ocrx_word' id='word_1_233' title='bbox 1050 3272 1131 3338; x_wconf 91' lang='lat' dir='ltr'><strong>Dicit</strong></span> <span class='ocrx_word' id='word_1_234' title='bbox 1153 3273 1248 3350; x_wconf 92' lang='lat' dir='ltr'><strong>enim,</strong></span> <span class='ocrx_word' id='word_1_235' title='bbox 1271 3285 1419 3363; x_wconf 94' lang='lat' dir='ltr'><strong>utsupra</strong></span> 
     </span>
     <span class='ocr_line' id='line_1_30' title="bbox 307 3377 1419 3466; baseline 0.002 -20"><span class='ocrx_word' id='word_1_236' title='bbox 307 3380 459 3455; x_wconf 79' lang='lat' dir='ltr'><strong>diximus,</strong></span> <span class='ocrx_word' id='word_1_237' title='bbox 486 3399 524 3445; x_wconf 89' lang='lat' dir='ltr'><strong>ea</strong></span> <span class='ocrx_word' id='word_1_238' title='bbox 554 3399 637 3466; x_wconf 90' lang='lat' dir='ltr'><strong>quae</strong></span> <span class='ocrx_word' id='word_1_239' title='bbox 667 3377 698 3443; x_wconf 91' lang='lat' dir='ltr'><strong>iu</strong></span> <span class='ocrx_word' id='word_1_240' title='bbox 725 3377 895 3465; x_wconf 91' lang='lat' dir='ltr'><strong>prooemio</strong></span> <span class='ocrx_word' id='word_1_241' title='bbox 924 3377 1024 3443; x_wconf 88' lang='lat' dir='ltr'><strong>altero</strong></span> <span class='ocrx_word' id='word_1_242' title='bbox 1055 3377 1283 3463; x_wconf 78' lang='lat' dir='ltr'><strong>alhucydide</strong></span> <span class='ocrx_word' id='word_1_243' title='bbox 1314 3380 1355 3446; x_wconf 89' lang='lat' dir='ltr'><strong>de</strong></span> <span class='ocrx_word' id='word_1_244' title='bbox 1383 3403 1419 3448; x_wconf 91' lang='lat' dir='ltr'><strong>se</strong></span> 
     </span>
     <span class='ocr_line' id='line_1_31' title="bbox 305 3482 1419 3573; baseline 0.003 -23"><span class='ocrx_word' id='word_1_245' title='bbox 305 3495 490 3560; x_wconf 88' lang='lat' dir='ltr'><strong>narrentur,</strong></span> <span class='ocrx_word' id='word_1_246' title='bbox 518 3484 624 3571; x_wconf 91' lang='lat' dir='ltr'><strong>aptius</strong></span> <span class='ocrx_word' id='word_1_247' title='bbox 652 3484 684 3548; x_wconf 91' lang='lat' dir='ltr'><strong>in</strong></span> <span class='ocrx_word' id='word_1_248' title='bbox 711 3483 819 3570; x_wconf 89' lang='lat' dir='ltr'><strong>priore</strong></span> <span class='ocrx_word' id='word_1_249' title='bbox 846 3482 1103 3548; x_wconf 88' lang='lat' dir='ltr'><strong>commemorari.</strong></span> <span class='ocrx_word' id='word_1_250' title='bbox 1154 3485 1224 3563; x_wconf 87' lang='lat' dir='ltr'><strong>Qua</strong></span> <span class='ocrx_word' id='word_1_251' title='bbox 1254 3485 1349 3573; x_wconf 89' lang='lat' dir='ltr'><strong>igitur</strong></span> <span class='ocrx_word' id='word_1_252' title='bbox 1377 3486 1419 3553; x_wconf 92' lang='lat' dir='ltr'><strong>de</strong></span> 
     </span>
     <span class='ocr_line' id='line_1_32' title="bbox 305 3587 1418 3677; baseline 0 -21"><span class='ocrx_word' id='word_1_253' title='bbox 305 3610 414 3661; x_wconf 86' lang='lat' dir='ltr'><strong>causa.</strong></span> <span class='ocrx_word' id='word_1_254' title='bbox 442 3588 468 3654; x_wconf 89' lang='lat' dir='ltr'><strong>si</strong></span> <span class='ocrx_word' id='word_1_255' title='bbox 492 3610 565 3654; x_wconf 92' lang='lat' dir='ltr'><strong>eum</strong></span> <span class='ocrx_word' id='word_1_256' title='bbox 593 3589 772 3677; x_wconf 90' lang='lat' dir='ltr'><strong>sequimur,</strong></span> <span class='ocrx_word' id='word_1_257' title='bbox 794 3587 973 3675; x_wconf 91' lang='lat' dir='ltr'><strong>putandum</strong></span> <span class='ocrx_word' id='word_1_258' title='bbox 997 3598 1046 3654; x_wconf 88' lang='lat' dir='ltr'><strong>est</strong></span> <span class='ocrx_word' id='word_1_259' title='bbox 1068 3609 1142 3654; x_wconf 93' lang='lat' dir='ltr'><strong>eum</strong></span> <span class='ocrx_word' id='word_1_260' title='bbox 1166 3589 1197 3653; x_wconf 90' lang='lat' dir='ltr'><strong>in</strong></span> <span class='ocrx_word' id='word_1_261' title='bbox 1221 3589 1329 3677; x_wconf 91' lang='lat' dir='ltr'><strong>priore</strong></span> <span class='ocrx_word' id='word_1_262' title='bbox 1353 3613 1418 3658; x_wconf 92' lang='lat' dir='ltr'><strong>nou</strong></span> 
     </span>
     <span class='ocr_line' id='line_1_33' title="bbox 305 3690 1418 3788; baseline -0.001 -25"><span class='ocrx_word' id='word_1_263' title='bbox 305 3696 484 3764; x_wconf 87' lang='lat' dir='ltr'><strong>narravisse</strong></span> <span class='ocrx_word' id='word_1_264' title='bbox 516 3694 545 3760; x_wconf 90' lang='lat' dir='ltr'><strong>h.</strong></span> <span class='ocrx_word' id='word_1_265' title='bbox 569 3714 596 3758; x_wconf 91' lang='lat' dir='ltr'><strong>e.</strong></span> <span class='ocrx_word' id='word_1_266' title='bbox 625 3713 698 3759; x_wconf 93' lang='lat' dir='ltr'><strong>cum</strong></span> <span class='ocrx_word' id='word_1_267' title='bbox 735 3694 898 3781; x_wconf 87' lang='lat' dir='ltr'><strong>posterius</strong></span> <span class='ocrx_word' id='word_1_268' title='bbox 926 3690 1048 3788; x_wconf 85' lang='lat' dir='ltr'><strong>bellum</strong></span> <span class='ocrx_word' id='word_1_269' title='bbox 1078 3692 1219 3761; x_wconf 90' lang='lat' dir='ltr'><strong>scrihere</strong></span> <span class='ocrx_word' id='word_1_270' title='bbox 1253 3695 1418 3783; x_wconf 85' lang='lat' dir='ltr'><strong>inciperet,</strong></span> 
     </span>
     <span class='ocr_line' id='line_1_34' title="bbox 304 3796 1418 3890; baseline 0.002 -24"><span class='ocrx_word' id='word_1_271' title='bbox 304 3802 335 3868; x_wconf 93' lang='lat' dir='ltr'><strong>in</strong></span> <span class='ocrx_word' id='word_1_272' title='bbox 360 3824 443 3890; x_wconf 92' lang='lat' dir='ltr'><strong>opus</strong></span> <span class='ocrx_word' id='word_1_273' title='bbox 466 3799 555 3887; x_wconf 90' lang='lat' dir='ltr'><strong>prius</strong></span> <span class='ocrx_word' id='word_1_274' title='bbox 578 3797 732 3884; x_wconf 90' lang='lat' dir='ltr'><strong>scriptum</strong></span> <span class='ocrx_word' id='word_1_275' title='bbox 756 3818 820 3863; x_wconf 92' lang='lat' dir='ltr'><strong>nou</strong></span> <span class='ocrx_word' id='word_1_276' title='bbox 844 3796 1062 3864; x_wconf 86' lang='lat' dir='ltr'><strong>inculcavisse.</strong></span> <span class='ocrx_word' id='word_1_277' title='bbox 1103 3799 1198 3877; x_wconf 88' lang='lat' dir='ltr'><strong>Quod</strong></span> <span class='ocrx_word' id='word_1_278' title='bbox 1223 3801 1353 3888; x_wconf 88' lang='lat' dir='ltr'><strong>quidem</strong></span> <span class='ocrx_word' id='word_1_279' title='bbox 1377 3823 1418 3868; x_wconf 91' lang='lat' dir='ltr'><strong>eo</strong></span> 
     </span>
     <span class='ocr_line' id='line_1_35' title="bbox 305 3899 1419 3996; baseline -0.001 -23"><span class='ocrx_word' id='word_1_280' title='bbox 305 3908 405 3996; x_wconf 89' lang='lat' dir='ltr'><strong>magis</strong></span> <span class='ocrx_word' id='word_1_281' title='bbox 428 3903 607 3972; x_wconf 89' lang='lat' dir='ltr'><strong>mirandum</strong></span> <span class='ocrx_word' id='word_1_282' title='bbox 630 3913 689 3978; x_wconf 88' lang='lat' dir='ltr'><strong>est,</strong></span> <span class='ocrx_word' id='word_1_283' title='bbox 716 3904 805 3991; x_wconf 88' lang='lat' dir='ltr'><strong>quod</strong></span> <span class='ocrx_word' id='word_1_284' title='bbox 828 3903 859 3968; x_wconf 93' lang='lat' dir='ltr'><strong>in</strong></span> <span class='ocrx_word' id='word_1_285' title='bbox 882 3899 935 3967; x_wconf 90' lang='lat' dir='ltr'><strong>lib.</strong></span> <span class='ocrx_word' id='word_1_286' title='bbox 958 3904 983 3966; x_wconf 95' lang='lat' dir='ltr'><strong>ll</strong></span> <span class='ocrx_word' id='word_1_287' title='bbox 1007 3903 1136 3971; x_wconf 89' lang='lat' dir='ltr'><strong>duobus</strong></span> <span class='ocrx_word' id='word_1_288' title='bbox 1159 3904 1237 3971; x_wconf 93' lang='lat' dir='ltr'><strong>locis</strong></span> <span class='ocrx_word' id='word_1_289' title='bbox 1262 3927 1335 3972; x_wconf 89' lang='lat' dir='ltr'><strong>eum</strong></span> <span class='ocrx_word' id='word_1_290' title='bbox 1359 3928 1419 3993; x_wconf 87' lang='lat' dir='ltr'><strong>po·-</strong></span> 
     </span>
     <span class='ocr_line' id='line_1_36' title="bbox 303 4007 1417 4101; baseline -0.002 -21"><span class='ocrx_word' id='word_1_291' title='bbox 303 4015 439 4081; x_wconf 87' lang='lat' dir='ltr'><strong>steriore</strong></span> <span class='ocrx_word' id='word_1_292' title='bbox 469 4023 617 4098; x_wconf 87' lang='lat' dir='ltr'><strong>tempore</strong></span> <span class='ocrx_word' id='word_1_293' title='bbox 649 4008 768 4097; x_wconf 88' lang='lat' dir='ltr'><strong>aliquid</strong></span> <span class='ocrx_word' id='word_1_294' title='bbox 796 4007 959 4074; x_wconf 90' lang='lat' dir='ltr'><strong>addidisse</strong></span> <span class='ocrx_word' id='word_1_295' title='bbox 982 4008 1115 4074; x_wconf 92' lang='lat' dir='ltr'><strong>Ullricus</strong></span> <span class='ocrx_word' id='word_1_296' title='bbox 1138 4009 1208 4096; x_wconf 88' lang='lat' dir='ltr'><strong>ipse</strong></span> <span class='ocrx_word' id='word_1_297' title='bbox 1230 4011 1297 4076; x_wconf 88' lang='lat' dir='ltr'><strong>vult</strong></span> <span class='ocrx_word' id='word_1_298' title='bbox 1318 4024 1417 4101; x_wconf 90' lang='lat' dir='ltr'><strong>atque</strong></span> 
     </span>
     <span class='ocr_line' id='line_1_37' title="bbox 303 4113 1416 4208; baseline -0.004 -22"><span class='ocrx_word' id='word_1_299' title='bbox 303 4120 392 4208; x_wconf 89' lang='lat' dir='ltr'><strong>quod</strong></span> <span class='ocrx_word' id='word_1_300' title='bbox 417 4120 457 4183; x_wconf 90' lang='lat' dir='ltr'><strong>ita</strong></span> <span class='ocrx_word' id='word_1_301' title='bbox 480 4115 635 4184; x_wconf 84' lang='lat' dir='ltr'><strong>facillime</strong></span> <span class='ocrx_word' id='word_1_302' title='bbox 649 4114 767 4179; x_wconf 89' lang='lat' dir='ltr'><strong>evitare</strong></span> <span class='ocrx_word' id='word_1_303' title='bbox 791 4123 927 4200; x_wconf 87' lang='lat' dir='ltr'><strong>poterat,</strong></span> <span class='ocrx_word' id='word_1_304' title='bbox 950 4113 1038 4199; x_wconf 92' lang='lat' dir='ltr'><strong>quod</strong></span> <span class='ocrx_word' id='word_1_305' title='bbox 1060 4113 1193 4180; x_wconf 87' lang='lat' dir='ltr'><strong>Ullricus</strong></span> <span class='ocrx_word' id='word_1_306' title='bbox 1217 4115 1245 4180; x_wconf 90' lang='lat' dir='ltr'><strong>ei</strong></span> <span class='ocrx_word' id='word_1_307' title='bbox 1269 4116 1416 4182; x_wconf 89' lang='lat' dir='ltr'><strong>evenisse</strong></span> 
     </span>
    </p>
   </div>
   <div class='ocr_carea' id='block_1_3' title="bbox 0 0 1636 4752">
    <p class='ocr_par' dir='ltr' id='par_1_5' title="bbox 0 0 1636 4752">
     <span class='ocr_line' id='line_1_38' title="bbox 0 0 1636 4752; baseline 0 1"><span class='ocrx_word' id='word_1_308' title='bbox 0 0 1636 4752; x_wconf 95' lang='lat' dir='ltr'><strong> </strong></span> 
     </span>
    </p>
   </div>
  </div>
 </body>
</html>
