3262 4752
663 312 873 372 ...25-

213 487 265 555 lib.
284 489 310 554 ll
332 487 473 555 scrihere
496 489 701 576 coeperit-
724 511 797 555 nam
820 511 885 555 non
908 489 1014 555 solum
1038 491 1241 576 prooemium
1263 491 1322 558 sed

214 605 316 660 totum
339 593 455 660 librum
478 595 616 682 primum
640 596 681 662 de
703 605 773 662 toto
796 594 883 662 bello
905 595 1059 683 scriptum
1080 617 1153 662 esse
1170 608 1260 683 putat
1275 636 1325 675 -,

214 720 273 787 per
294 720 331 766 se
353 701 423 788 ipsa
445 721 561 790 magna
584 721 620 766 ac
642 699 745 788 gravis
768 699 879 777 luerit,
907 701 1096 788 scriptorem
1120 702 1254 780 vitasse,
1283 725 1324 769 ne

213 804 244 869 iu
274 803 334 871 hac
361 806 519 872 narranda
543 825 656 872 eurum
680 827 763 894 quae
786 804 872 871 bello
900 806 1080 893 posteriore
1102 806 1186 872 lacta
1207 816 1325 885 essent,

213 909 369 975 rationem
400 909 542 977 haberet,
587 912 693 990 Quare
723 912 841 978 lactum
869 931 958 986 esse,
985 922 1020 977 ut
1044 911 1175 978 Ullriuus
1198 923 1326 999 putaret

213 1014 422 1102 scriptorem,
445 1037 518 1083 cum
540 1016 629 1104 prius
653 1015 772 1082 bellum
795 1014 966 1093 scriberet,
995 1017 1157 1103 posterius
1180 1019 1326 1084 nondum

214 1121 413 1208 cognovisse.
478 1197 480 1204 y

296 1228 334 1292 At
355 1226 438 1294 hanc
459 1227 587 1294 Herbsti
618 1228 808 1294 senteutiam
832 1235 985 1315 quattuor
1006 1226 1202 1314 argumentis
1224 1227 1326 1294 relelli

213 1329 359 1399 arbitror.
396 1332 537 1398 Primum
559 1341 674 1419 putare
698 1351 763 1396 non
786 1352 962 1417 possumus
978 1331 1197 1423 Thucydidem
1220 1331 1326 1400 verbis

214 1437 246 1501 ἐν
267 1432 291 1522 ᾧ
312 1435 379 1503 οὔτε
400 1438 594 1517 ἐπεμίγνυντο
608 1434 768 1518 οἷκηρυκτεί
789 1449 821 1501 et
844 1436 890 1502 eis
913 1459 965 1525 qu.
988 1459 1089 1528 sequ,
1112 1456 1196 1526 quae
1218 1447 1328 1504 essent

215 1541 329 1630 prioris
358 1540 432 1608 belli
460 1542 607 1630 propria,
635 1540 813 1630 significare
836 1541 991 1614 voluisse,
1023 1552 1057 1607 ut
1078 1541 1141 1608 hoc
1162 1563 1180 1607 a
1200 1542 1327 1632 reliquo

215 1647 421 1714 discerneret.
472 1649 552 1713 Nam
582 1646 644 1713 huc
672 1647 699 1712 si
726 1644 897 1723 voluisset,
927 1668 993 1713 uon
1023 1646 1214 1734 imperfecto
1237 1650 1326 1736 quod

215 1751 411 1840 grammatici
434 1763 549 1818 vocant
574 1751 783 1838 (ἐπεμίγνυντο,
806 1751 988 1832 ἐπολέμουν),
1010 1751 1068 1816 sed
1091 1752 1211 1819 aoristo
1234 1764 1328 1819 uten-

217 1856 294 1922 dum
317 1869 391 1924 erat.
433 1857 511 1936 Quis
534 1867 641 1922 autem
664 1854 724 1922 sibi
747 1855 950 1944 persuadeat,
973 1856 1062 1943 quud
1080 1856 1218 1944 primum
1234 1856 1328 1923 nullis

215 1962 298 2026 inter
325 1983 360 2028 se
391 1960 591 2028 commerciis
623 1961 692 2028 siue
722 1961 934 2028 caduceatore
964 1961 1052 2026 mixti
1083 1973 1175 2037 sunt,
1209 1962 1328 2029 deinde

215 2067 317 2132 semel
339 2067 435 2133 armis
458 2067 558 2154 captis
581 2067 783 2132 continenter
804 2065 1006 2134 bellaverunt
1024 2104 1063 2114 —
1081 2088 1154 2132 nam
1169 2066 1212 2131 ita
1227 2065 1329 2132 Herb-

216 2171 295 2238 stius
324 2170 402 2238 haec
431 2170 529 2238 verba
557 2172 786 2259 interpretatur
815 2175 897 2260 (pag.
921 2173 994 2254 508)
1016 2209 1058 2220 —
1080 2191 1153 2238 esse
1182 2170 1231 2248 id,
1261 2192 1328 2259 quo

217 2275 296 2342 haec
323 2277 413 2364 prior
441 2275 516 2343 belli
546 2298 620 2364 pars
652 2298 670 2341 a
700 2276 825 2367 reliquo
850 2274 984 2342 differat.
1035 2277 1139 2364 Atque
1161 2273 1329 2342 Herbstius

218 2380 347 2468 quidem
370 2380 401 2446 id
425 2403 525 2446 unum
549 2381 631 2458 dicit,
653 2380 712 2447 hac
734 2401 768 2446 re
792 2380 921 2446 differre
944 2380 1026 2446 hanc
1047 2379 1122 2446 belli
1145 2390 1270 2467 partem
1287 2380 1328 2445 ah
1355 2439 1358 2444 .

218 2506 258 2550 eo
282 2496 427 2572 tempore
452 2487 541 2573 quud
565 2507 679 2574 pacem
694 2485 799 2552 Niciae
814 2495 960 2553 secutum
975 2484 1025 2561 sit,
1046 2484 1205 2572 reliquum
1221 2495 1328 2551 autem

218 2588 290 2656 belli
314 2602 442 2678 tempus
466 2591 611 2680 neglegit.
649 2594 687 2656 At
710 2613 784 2680 ego:
807 2612 880 2658 cum
903 2591 944 2657 de
968 2589 1060 2656 tertia
1082 2589 1157 2656 belli
1180 2601 1272 2683 parte
1290 2629 1329 2639 -

217 2716 259 2761 ne
274 2695 376 2762 dicam
393 2715 466 2762 cum
483 2695 642 2763 Schoeniu
658 2698 690 2761 in
707 2697 850 2764 Bursiaui
865 2694 1032 2762 annalibus
1050 2695 1111 2760 vul.
1126 2695 1166 2758 lll
1182 2715 1253 2781 pag.
1269 2700 1327 2762 831

219 2800 259 2866 de
290 2821 492 2888 unoquoque
515 2799 617 2878 hello,
639 2801 788 2867 —idem
813 2800 872 2866 dici
895 2800 1012 2888 possit,
1043 2799 1131 2888 quod
1156 2799 1197 2866 de
1219 2800 1331 2887 prima,

218 2915 374 2994 utrosque
397 2927 463 2972 nou
485 2907 555 2972 sine
573 2905 838 2972 caduceatoribus
855 2905 972 2971 mixtos
987 2925 1062 2971 esse
1079 2913 1112 2970 et
1126 2903 1330 2970 continenter

216 3010 401 3078 bellavisse:
433 3033 510 3076 num
540 3009 611 3098 quis
642 3021 755 3097 putare
786 3008 890 3096 possit
915 3011 1105 3096 scriptorem
1129 3007 1189 3074 hac
1209 3029 1245 3074 re
1269 3030 1328 3095 pro

217 3116 398 3182 discrimine
428 3136 522 3180 usum
546 3135 633 3190 esse,
665 3136 731 3204 quo
760 3115 894 3203 primam
918 3113 994 3180 belli
1017 3122 1140 3200 partem
1163 3132 1182 3176 a
1204 3111 1329 3200 reliquo

218 3219 427 3307 sejungeret?

280 3324 423 3392 -Deiude
445 3324 508 3391 hoc
529 3334 640 3391 contra
663 3323 846 3391 Herbstium
870 3324 956 3391 dico:
984 3324 1090 3402 Quem
1112 3322 1208 3388 alium
1231 3321 1331 3410 scrip-

217 3441 321 3495 torem
344 3429 492 3496 videmus
516 3430 701 3497 discernere
723 3426 739 3494 ὁ
759 3431 885 3509 πόλεμος
905 3427 955 3494 boe
977 3438 1009 3494 et
1030 3425 1256 3508 ducentenos
1277 3437 1331 3494 aut

217 3533 337 3600 similia.
388 3533 421 3600 Si
449 3535 542 3624 igitur
565 3535 767 3625 Thucydides
797 3534 941 3611 lecisset,
972 3553 1080 3599 noune
1109 3554 1250 3622 aequum
1273 3531 1332 3597 luit

217 3660 276 3706 eos
309 3639 363 3729 qui
394 3661 477 3727 opus
506 3641 618 3708 lecturi
642 3651 768 3717 essent,
799 3638 903 3706 abeo
927 3637 1036 3704 doceri
1060 3637 1137 3726 quid
1160 3637 1332 3704 interesset

216 3744 300 3811 iuter
328 3746 408 3812 haec
437 3745 510 3810 duo.
560 3745 676 3811 Nonne
707 3745 792 3812 enim
819 3744 846 3811 is
876 3743 931 3832 qui
953 3741 1148 3834 Thucydidis
1182 3764 1265 3829 opus
1288 3741 1332 3807 ita

217 3849 305 3936 legit,
334 3859 369 3915 ut
395 3849 539 3936 singulos
562 3851 666 3930 locos,
697 3849 814 3938 quibus
838 3848 1031 3940 Thucydidis
1058 3847 1121 3914 hoc
1149 3833 1332 3934 pronomen

217 3975 290 4020 cum
306 3955 360 4020 illo
377 3952 576 4021 substantivo
593 3955 800 4042 conjunctum
817 3954 990 4041 usurpavit,
1013 3974 1077 4018 non
1093 3951 1178 4018 inter
1192 3973 1228 4020 se
1245 3974 1334 4020 uom-

218 4069 320 4145 paret‚
342 4079 496 4145 perverse
516 4080 584 4125 rem
601 4059 788 4148 intellegere
804 4071 922 4148 potest,
943 4069 978 4125 ut
993 4057 1165 4124 arbitretur
1178 4054 1195 4122 ὃ
1208 4060 1333 4140 πόλεμος

217 4161 267 4229 tce
296 4185 371 4230 esse
403 4174 504 4230 totum
534 4162 655 4230 bellum
677 4165 787 4232 XXVll
808 4164 992 4232 annornm?
1035 4163 1068 4227 Si
1089 4163 1184 4253 igitur
1206 4165 1330 4254 Thucy-
