3262 4752
322 1171 372 1262 Ex
389 1214 455 1282 quo
471 1191 604 1258 Ullricus
626 1191 657 1256 in
673 1190 830 1280 symbolis
846 1192 885 1258 ad
902 1192 1199 1279 interpretationem
1216 1194 1340 1286 Thucy-

227 1299 309 1366 didis
326 1294 562 1385 pertinentibus
579 1295 716 1382 primum
734 1295 893 1370 disseruit,
910 1317 976 1383 qun
988 1307 1136 1385 tempore
1148 1289 1201 1366 iile
1213 1301 1339 1386 priores

225 1404 326 1470 libros
349 1401 459 1490 operis
482 1401 531 1466 sui
553 1401 784 1487 composuerit,
806 1401 837 1465 in
860 1400 941 1467 hanc
957 1403 1180 1490 quaestionem
1196 1404 1244 1471 his
1261 1417 1341 1472 tem-

226 1507 361 1596 poribus
383 1527 546 1573 summum
569 1506 710 1573 studium
734 1527 925 1595 summaque
949 1507 1103 1595 industria
1125 1509 1239 1575 coliata
1255 1523 1341 1578 sunt.

226 1615 301 1679 Tres
329 1623 437 1677 autem
466 1612 645 1679 sententiae
674 1611 757 1677 inter
785 1633 822 1678 se
852 1611 1088 1678 diversissimae
1111 1635 1196 1680 nunc
1218 1615 1259 1682 de
1281 1616 1341 1682 hac

226 1739 261 1783 re
281 1715 500 1782 inveniuntur:
525 1717 661 1804 primum
685 1717 805 1793 Uilrici,
830 1716 947 1782 deinde
971 1717 1130 1794 Classeni,
1161 1720 1211 1785 vei
1234 1721 1341 1806 potius

226 1821 390 1909 Kruegeri,
406 1831 474 1886 tum
488 1821 615 1889 Herbsti
630 1821 747 1888 horum
762 1822 939 1888 sententias
954 1823 1038 1889 inter
1053 1844 1089 1890 se
1105 1824 1340 1912 conjungentis.

227 1929 273 1992 De
296 1925 344 1993 his
365 1926 461 2014 igitur
483 1925 560 1991 mihi·
575 1927 736 2015 agendum
752 1929 821 2004 erit,
843 1926 1030 2016 priusquam
1047 1949 1153 1994 meam
1169 1949 1340 2015 exponam.

308 2031 442 2097 Ultricus
482 2031 577 2119 igitur
606 2031 728 2118 judicat
761 2031 980 2120 Thucydidem
1015 2034 1230 2099 narrationem
1265 2033 1339 2099 belli

226 2137 385 2222 coepisse,
402 2155 474 2200 cum
492 2135 580 2222 prius
598 2134 727 2213 bellum,
743 2137 833 2226 quod
849 2138 1102 2205 Archidamicum
1121 2151 1243 2216 vocant,
1260 2158 1340 2225 pace

225 2241 331 2308 Niciae
354 2240 537 2307 confectum
561 2251 655 2307 esset.
689 2244 724 2307 ln
747 2243 928 2309 enarrando
950 2255 1058 2310 autem
1081 2242 1143 2307 hoc
1165 2240 1251 2307 bello
1267 2261 1338 2306 cum

225 2347 264 2412 ad
297 2366 350 2412 eas
380 2367 432 2412 res
462 2346 676 2432 pervenisset,
707 2367 791 2435 quae
821 2361 897 2411 sunt
925 2347 956 2411 in
980 2346 1087 2412 medio
1110 2345 1192 2412 libro
1217 2358 1340 2434 quarto,

226 2453 356 2517 alteram
387 2462 510 2537 partem
534 2449 609 2516 belli
633 2461 735 2517 ortam
760 2472 849 2527 esse,
875 2471 947 2516 cum
971 2450 1182 2518 Athenienses
1205 2450 1339 2517 classem

225 2557 256 2622 in
273 2556 410 2624 Siciliam
435 2556 605 2622 mitterent.
641 2558 707 2623 Hac
728 2579 764 2622 re
786 2556 978 2643 scriptorem
1001 2556 1175 2624 adductum
1200 2577 1282 2634 esse,
1305 2569 1340 2622 ut

226 2661 258 2725 in
280 2661 462 2726 enarrando
485 2660 693 2738 subsisteret,
724 2661 813 2750 quod
841 2670 969 2748 putaret
990 2660 1053 2726 hoc
1076 2682 1196 2727 novum
1218 2661 1340 2728 bellum

227 2766 258 2831 in
274 2765 376 2832 Sicilia
399 2767 578 2854 gerendum
601 2766 744 2855 quodam
767 2764 867 2830 modo
889 2765 1021 2831 alteram
1038 2756 1162 2853 partem
1179 2768 1249 2855 ejus
1266 2767 1340 2834 belli

227 2891 315 2947 esse,
338 2871 427 2960 quod
451 2882 518 2936 tum
541 2871 646 2958 ipsum
671 2869 839 2942 scriberet,
867 2880 965 2958 atque
988 2870 1028 2936 ad
1052 2872 1193 2957 priorem
1215 2885 1340 2959 partem

226 2976 303 3042 satis
325 2986 413 3042 recte
436 2974 647 3041 enarrandam
669 2975 729 3041 sibi
752 2996 836 3061 opus
859 2995 933 3041 esse
955 2977 1054 3050 scire,
1076 2976 1131 3063 qui
1155 2977 1260 3043 exitus
1282 2999 1341 3065 po-

226 3081 371 3148 sterioris
400 3079 475 3146 belli
497 3080 565 3146 sive
587 3080 686 3162 totius
708 3089 804 3146 esset.
855 3079 934 3146 Cum
956 3091 1065 3146 autem
1087 3080 1150 3146 hoc
1171 3101 1256 3146 auno
1280 3089 1341 3149 404

226 3207 253 3251 a.
274 3186 344 3253 Chr.
368 3210 399 3252 n.
422 3185 606 3252 confectum
629 3195 725 3262 esset,
749 3205 822 3250 eum
846 3193 878 3250 et
899 3184 930 3248 in
954 3185 1000 3250 eis
1024 3205 1108 3273 quae
1130 3186 1219 3271 prius
1242 3186 1341 3274 scrip-

227 3292 331 3367 sisset,
353 3290 455 3356 tribus
478 3289 556 3357 locis
581 3291 817 3374 (1165,5-13;
843 3295 911 3364 100,
927 3295 963 3368 2;
986 3289 1023 3355 IV
1040 3295 1088 3365 48,
1105 3298 1123 3357 5
1146 3288 1204 3357 ὅσα
1218 3319 1250 3372 γε
1265 3295 1344 3358 κατά

226 3400 276 3460 τὸν
286 3397 414 3476 πόλεμον
427 3396 523 3480 advos)
537 3415 639 3483 pauca
651 3395 781 3462 addisse
793 3403 826 3459 et
839 3414 922 3480 opus
935 3393 1076 3461 scribere
1091 3395 1133 3461 ita
1150 3399 1342 3483 perrexisse,

226 3511 260 3567 ut
273 3501 338 3567 duo
353 3500 404 3566 illa
423 3499 506 3566 bella
523 3512 556 3566 et
570 3501 668 3587 prius,
691 3500 783 3586 cujus
799 3500 970 3564 maximam
986 3511 1110 3586 partem
1127 3504 1342 3591 conscriptam

226 3605 370 3683 haberet,
392 3617 426 3672 et
448 3605 620 3693 posterius,
644 3605 732 3694 quod
756 3603 898 3671 scribere
921 3615 988 3670 tum
1013 3605 1177 3692 inciperet,
1199 3630 1259 3695 pro
1277 3631 1342 3675 uno

224 3710 359 3778 haberet
387 3724 486 3800 atque
513 3711 545 3777 in
577 3711 692 3798 prioris
720 3709 795 3776 belli
828 3709 921 3776 annis
952 3711 1159 3778 numerandis
1182 3725 1343 3800 pergeret.

224 3817 313 3883 Hanc
334 3817 431 3906 igitur
453 3817 644 3884 sententiam
660 3815 794 3882 Ulhicus
817 3815 980 3882 nonnullis
1002 3815 1081 3882 locis
1104 3827 1257 3904 quattuor
1279 3817 1342 3904 pri-

225 3942 353 3988 morum
384 3922 539 3988 librorum
560 3911 604 3988 ita
627 3915 868 4008 comprobavit,
898 3932 933 3986 nt
956 3922 1089 3987 doceret
1110 3921 1342 4012 Thucydidem,

227 4046 300 4091 cum
316 4026 376 4093 hos
392 4027 556 4104 scriberet,
578 4026 700 4093 bellum
715 4037 820 4091 totum
837 4026 982 4092 nondum
998 4027 1163 4114 cognitum
1179 4026 1343 4094 habuisse.

226 4131 306 4196 Nam
329 4132 355 4197 si
375 4132 549 4205 habuisset,
573 4130 711 4197 sutorum
735 4129 843 4205 fuisse,
865 4141 900 4196 ut
916 4131 1007 4197 aliter
1022 4130 1069 4195 his
1085 4131 1163 4198 locis
1180 4130 1345 4198 scriberet.

1141 4251 1168 4300 p
