3262 4752
737 269 945 331 ..42-

284 453 314 517 in
343 463 433 518 acuta
464 450 516 516 itta
544 449 770 516 dissertatione
793 451 876 537 (pag.
900 447 972 532 506)
995 448 1035 513 ad
1068 449 1153 513 iiium
1185 451 1398 520 refellendum

286 557 327 624 de
348 557 411 622 hoo
431 555 505 622 loco
529 554 709 642 disputavit.
744 554 808 619 Sed
826 553 1009 618 Herbstium
1026 575 1160 642 quoque
1177 566 1255 641 puto
1271 577 1398 625 errasse

284 660 491 728 arbitrantem
516 660 704 746 scriptorem
728 659 816 747 prius
840 658 958 725 bellurn
984 697 1021 706 —-
1046 679 1119 724 nam
1138 658 1201 726 hoc
1216 660 1321 728 verbis
1337 663 1398 730 illis

281 769 315 833 ἐν
330 764 353 852 ᾧ
367 765 435 833 οὔτε
450 767 642 844 ἕπεμίγνυνσο
657 774 689 830 et
705 764 751 830 eis
768 787 821 852 qu.
837 785 928 852 sequ.
944 762 1155 851 significatum
1178 785 1252 832 esse
1275 767 1342 832 vuit
1357 805 1413 825 -.

282 873 315 937 in
348 872 427 937 duas
456 880 565 958 partes
589 868 748 947 divisisse,
778 889 914 958 querum
937 868 1068 934 aiteram
1091 889 1164 935 esse
1187 882 1262 938 ante
1284 893 1397 938 verum

282 976 404 1042 initium
422 973 497 1041 belli
512 975 621 1040 LXXX
643 974 712 1040 dies
735 973 1012 1060 complectentem,
1036 974 1090 1061 qui
1113 985 1189 1040 sunt
1210 973 1251 1040 ab
1272 974 1396 1062 impetu

282 1091 442 1147 nocturno
471 1101 538 1168 quo
561 1080 708 1145 Plataeae
738 1097 917 1165 oppressae
946 1088 1037 1154 sunt,
1067 1079 1235 1166 usquead
1260 1080 1397 1166 primam

283 1183 610 1251 Lacedaemoniorum
632 1183 664 1247 in
686 1183 819 1249 Atticam
842 1182 1052 1257 invasionem,
1079 1184 1210 1250 alteram
1235 1186 1396 1274 reliquum

282 1289 402 1356 bellum
425 1309 529 1377 usque
545 1288 585 1354 ad
601 1288 706 1353 Niciae
723 1307 837 1374 pacem
853 1299 988 1375 gestum.
1020 1290 1125 1376 Atque
1141 1287 1221 1356 haec
1236 1292 1396 1357 sententia

282 1416 322 1460 eo
353 1393 427 1458 mihi
456 1393 583 1460 videtur
604 1391 722 1468 refelli,
751 1393 840 1480 quod
864 1392 1066 1484 Thucydides
1090 1405 1284 1461 nocturnum
1306 1396 1394 1464 ilium

281 1500 436 1586 impetum
467 1521 526 1585 pro
556 1518 634 1564 vero
657 1497 746 1562 initio
769 1497 845 1564 helii
866 1497 993 1574 habuit,
1023 1499 1112 1586 quod
1136 1500 1267 1588 quidem
1290 1523 1330 1568 en
1353 1523 1395 1568 eo

280 1605 507 1694 cognoscimus
530 1601 618 1692 quod
643 1601 839 1690 paulopost
862 1606 941 1690 (cap.
965 1603 1001 1687 lt)
1025 1614 1154 1689 tempus
1178 1627 1243 1693 quo
1275 1607 1394 1674 sactum

280 1721 339 1787 est,
361 1708 602 1797 diligentissime
624 1705 868 1783 circumscribit,
892 1708 980 1795 quod
1004 1718 1091 1774 certe
1115 1729 1180 1775 non
1202 1711 1345 1789 fecisset,
1366 1715 1394 1780 si

281 1838 355 1882 eum
378 1835 438 1902 pro
458 1813 532 1880 helii
547 1811 636 1878 initio
654 1832 718 1877 non
735 1810 908 1878 habuisset.
940 1814 1051 1901 ltaque
1067 1825 1242 1904 utrumque
1257 1816 1393 1883 verbum

281 1931 314 1987 et
340 1922 556 2000 ἐπιμίγνυσθαι
577 1919 738 1997 daupeins!
759 1925 791 1981 et
812 1918 1024 1987 καταστάντας
1044 1920 1172 1995 ξυνεχῶς
1192 1933 1329 2000 πολεμεῖν
1351 1924 1392 1990 de

280 2025 399 2091 eodem
422 2022 497 2088 belli
519 2020 607 2086 initio
631 2020 741 2087 itidem
763 2019 902 2087 arbitror
923 2021 1042 2088 dictum
1065 2043 1147 2090 esse.
1197 2025 1277 2092 {ilud
1300 2053 1392 2092 κατα-

280 2131 404 2199 στάντες
424 2139 541 2203 eutem,
563 2125 654 2213 cujus
678 2125 856 2212 explicandi
884 2147 979 2193 cause
995 2127 1161 2195 Herhstius
1178 2131 1303 2197 videtur
1318 2155 1392 2199 sen-

279 2234 410 2302 tentiam
434 2254 525 2300 suam
550 2231 755 2318 concepisse,
785 2232 827 2297 ita
849 2233 1126 2320 interpretandum
1150 2257 1223 2302 esse
1246 2236 1390 2304 arbitror.

165 2357 170 2366 ’
279 2343 311 2406 ln
342 2339 447 2428 primo
470 2337 552 2404 libro
579 2338 718 2424 scriptor
741 2336 831 2423 plura
854 2335 938 2403 belia
961 2351 1161 2417 narraverat,
1190 2361 1273 2429 quae
1296 2341 1391 2410 Athe-

278 2445 408 2512 nienses
436 2465 510 2510 oum
532 2441 779 2528 Peloponnesiis
809 2456 984 2530 gesserant.
1034 2444 1098 2510 Sed
1122 2446 1154 2510 iu
1182 2446 1390 2514 haecomnia

278 2547 503 2614 tantummodo
519 2551 705 2626 κατέστησαν
718 2546 792 2612 he.
815 2567 888 2612 oum
912 2568 949 2612 ea
972 2568 1085 2634 gerere
1108 2549 1301 2636 coepissent,
1323 2572 1390 2618 uno

278 2652 402 2742 proelio
426 2651 476 2717 vel
498 2649 607 2738 paucis
629 2649 719 2716 factis
743 2649 916 2716 desierunt.
951 2651 1046 2730 Quod
1062 2661 1170 2719 autem
1184 2653 1305 2720 bellum
1322 2666 1390 2721 tum

278 2768 384 2824 ortum
415 2766 481 2832 est,
514 2754 555 2820 eb
586 2752 732 2842 utrisque
760 2777 839 2822 non
871 2757 1005 2824 solum
1039 2771 1281 2846 susceptum
1316 2761 1390 2828 sed

277 2863 400 2929 etiam
423 2871 664 2949 perrectum
687 2872 758 2926 est.
791 2863 903 2950 Itaque
926 2862 972 2928 sic
994 2873 1114 2928 vertam
1136 2863 1188 2929 iila
1210 2864 1309 2932 verba
1328 2869 1384 2934 111

276 2969 308 3034 ἐν
330 2963 353 3052 ᾧ
374 2966 442 3034 οὔτε
462 2966 655 3047 ἕπεμιννυντο
677 2976 710 3031 et
733 2987 785 3052 qu.
808 2986 899 3052 sequ.
923 2965 970 3042 ,in
995 2987 1061 3054 quo
1086 2989 1193 3056 neque
1216 2969 1287 3037 uilis
1306 2971 1390 3037 inter

276 3095 313 3139 se
343 3071 544 3140 commerciis
574 3069 711 3158 amplius
741 3069 811 3136 sine
841 3070 1054 3138 caduceatore
1086 3072 1318 3152 miscebantur,
1350 3086 1389 3142 et

276 3177 433 3244 bellum
462 3175 572 3266 quod
595 3186 894 3261 susceperant,
924 3198 1103 3264 pergere
1126 3189 1388 3268 coeperunt“.

361 3283 453 3358 1154,
475 3288 509 3349 3:
531 3279 569 3360 ἢν
590 3284 623 3344 δέ
643 3303 684 3359 γε,
707 3273 798 3361 οἶμαι,
820 3287 894 3346 ποτὲ
908 3279 993 3351 trau
1012 3285 1138 3362 πόλεμος
1152 3285 1309 3369 καταλάβῃ
1324 3297 1389 3349 Δω-

277 3387 356 3466 ρικάς
377 3384 465 3450 τοῦδε
483 3383 608 3464 ὕστερος
622 3383 671 3447 καὶ
686 3383 782 3468 §oppii
795 3390 938 3463 γενέσθαι
952 3387 1043 3468 λιμόν,
1065 3397 1144 3453 κατά
1157 3392 1192 3454 τὸ
1206 3391 1280 3460 εἰκάς
1294 3388 1389 3460 odius

275 3487 409 3574 ἄσονται.
453 3488 503 3554 Eis
528 3508 610 3576 quae
634 3487 815 3556 Classenius
838 3491 878 3557 ed
900 3491 1002 3557 Uilrici
1025 3495 1217 3560 sententiam
1240 3493 1389 3559 refellen-

276 3594 351 3660 dam
374 3593 416 3660 de
437 3592 500 3659 hoc
522 3592 594 3659 loco
618 3593 800 3680 disputavit,
822 3593 885 3660 hoc
907 3617 1006 3662 unum
1030 3596 1134 3664 habeo
1156 3598 1244 3687 quod
1261 3597 1387 3664 addam.

275 3697 496 3788 Thucydidem
520 3710 829 3765 commemorantem
850 3702 941 3784 λιμόν,
965 3701 1019 3790 qui
1041 3703 1073 3768 in
1089 3703 1150 3769 aiio
1168 3701 1253 3769 helio
1269 3701 1387 3768 Dorico

276 3803 361 3870 nasci
385 3814 514 3890 posset,
538 3802 579 3869 de
603 3803 688 3869 nulia
710 3804 794 3870 same
817 3807 991 3894 cogitasse,
1019 3807 1077 3874 nisi
1101 3830 1185 3896 quae
1207 3828 1283 3875 casu
1306 3807 1388 3872 secta

276 3919 379 3983 esset,
401 3927 442 3973 ex
475 3907 582 3975 verbis
604 3909 722 3974 oraculi
747 3911 835 3998 quod
859 3913 956 4000 paulo
980 3926 1054 3978 ante
1077 3914 1232 3991 reddidit,
1261 3911 1388 3978 videtur

276 4032 443 4098 apparere.
497 4013 575 4078 Nam
599 4034 671 4080 cum
695 4015 893 4100 praedictum
916 4028 1003 4084 esset
1024 4021 1125 4098 λοιμόν
1145 4020 1213 4085 sive
1235 4018 1317 4096 λιμόν
1338 4017 1353 4080 1
1375 4053 1388 4064 -

275 4127 382 4188 turum
412 4139 485 4185 esse
508 4117 585 4202 ἅμα
606 4119 650 4204 τῷ
672 4125 802 4202 πολέμῳ,
832 4120 891 4188 hac
913 4123 1153 4210 praepositione
1175 4121 1385 4212 significatum
