3262 4752
701 306 911 364 ..15η-

244 487 276 550 in
298 481 413 548 Indicis
436 479 545 567 philol.
567 477 630 545 vol.
652 480 693 544 IX
723 480 945 567 gravissimum
976 490 1201 566 argumentum
1228 480 1357 566 judicat,

246 609 313 678 quo
342 586 476 652 Ullricus
507 583 700 650 sententiam
731 606 821 650 suam
851 583 1103 671 compobaverit.
1152 585 1221 650 Tria
1251 595 1359 650 autem
1408 652 1412 660 ,

247 703 322 758 sunt
349 691 380 756 in
403 689 466 755 hoc
487 708 592 776 prone
626 687 658 754 io
681 688 800 776 quibus
824 689 956 755 Ullricus
978 711 1039 776 pro
1063 690 1260 778 argumentis
1282 712 1361 757 usus

226 808 312 864 est:
353 817 390 862 ac
412 793 560 881 ¹primum
595 816 616 883 q
645 793 728 860 'dem
764 795 854 883 quod
887 795 1091 885 Thucydides
1124 795 1195 882 ejus
1228 815 1361 883 quoque

249 901 357 990 operis
381 900 478 987 partis
502 920 586 988 quae
607 910 779 987 sequatur,
801 910 973 967 auctorem
995 922 1032 967 se
1054 921 1127 967 esse
1151 901 1240 977 dicit,
1272 899 1361 988 quod

247 1006 301 1098 ille
323 1016 414 1093 putat
432 1027 508 1072 eum
522 1005 680 1071 facturum
697 1025 762 1070 non
779 1004 886 1078 fuisse,
909 1005 936 1072 si
951 1005 1093 1092 priorem
1110 1005 1219 1093 operis
1235 1015 1359 1092 partem

249 1111 393 1178 scribens
420 1121 526 1176 totum
553 1108 673 1175 bellum
701 1119 775 1174 ante
791 1109 914 1208 ‘oculos
937 1109 1111 1192 habuisset.
1121 1109 1144 1194 ⁷)
1188 1112 1256 1176 Hoc
1279 1131 1361 1199 quo-

249 1218 349 1284 modo
372 1215 504 1282 Ullrious
527 1212 730 1293 concluserit,
753 1235 814 1302 ego
838 1236 903 1280 non
925 1214 1087 1302 intellego.
1119 1215 1200 1280 Nam
1223 1213 1361 1300 primum

249 1323 379 1410 saepius
395 1317 600 1409 Thucydides
623 1339 743 1384 nornen
766 1342 860 1390 suum
882 1329 1116 1386 commemorat
1135 1339 1238 1407 seque
1254 1318 1362 1405 operis

249 1426 440 1513 scriptorem
456 1421 636 1510 profitetur,
653 1423 772 1490 scilicet
788 1425 834 1491 eis
849 1425 938 1502 locis,
954 1425 1007 1490 ubi
1024 1445 1107 1513 quae
1127 1445 1261 1513 quoque
1276 1444 1362 1489 anno

250 1540 339 1619 gesta
361 1541 445 1606 sunt,
468 1527 613 1594 absolvit.
651 1529 695 1594 Ex
718 1549 758 1594 eo
781 1539 890 1596 autem
914 1530 1002 1619 quod
1026 1530 1057 1595 iu
1081 1528 1162 1596 libro
1186 1529 1308 1617 quinte,
1331 1527 1362 1593 in

250 1657 316 1725 quo
345 1656 364 1700 a
390 1655 458 1721 rap.
489 1641 529 1702 26
558 1654 611 1699 res
642 1633 739 1700 totius
770 1633 845 1701 belli
875 1635 1004 1701 minime
1034 1655 1147 1722 graves
1175 1632 1363 1700 brevissime

251 1752 428 1815 narrantur,
449 1739 495 1804 eis
519 1759 603 1827 quae
626 1738 666 1803 de
689 1736 822 1826 singulis
838 1739 929 1805 annis
952 1739 1098 1814 narravit,
1121 1760 1240 1804 nomen
1267 1759 1363 1804 suum

252 1867 316 1911 non
339 1843 470 1920 addidit,
494 1841 661 1934 Herbstius
683 1844 772 1910 recte
795 1844 954 1912 conclusit
976 1866 1050 1910 eum
1073 1843 1265 1933 gravissimis
1284 1841 1363 1908 locis

250 1947 489 2038 -gravissimi
512 1947 596 2013 enim
621 1959 703 2025 sunt,
732 1948 861 2016 ubi-res
884 1950 1042 2017 maximae
1064 1949 1302 2016 concluduntur
1324 1985 1364 1994 -

251 2054 443 2141 scriptorem
472 2072 508 2117 se
537 2050 693 2118 confiteri.
744 2055 822 2133 Quis
849 2055 944 2143 igitur
966 2056 1099 2121 miretur
1120 2076 1196 2120 eum
1218 2074 1259 2120 eo
1282 2053 1365 2127 loco,

232 2155 306 2246 ‘qui
336 2179 402 2224 uuo
429 2167 567 2244 excepto
597 2158 732 2224 exordio
763 2160 851 2226 nullo
880 2161 985 2228 minus
1012 2160 1116 2249 gravis
1146 2170 1210 2235 est,
1244 2178 1364 2224 nomen

252 2285 344 2328 suum
369 2262 475 2328 dicere
499 2273 531 2326 et
553 2263 674 2329 addere
697 2284 733 2329 se
756 2265 879 2352 reliqua
902 2287 1035 2354 quoque
1057 2264 1233 2351 scripsisse.
1267 2261 1363 2340 Quod

252 2368 308 2455 qui
329 2387 440 2434 secum
463 2376 625 2455 reputant,
648 2387 689 2433 ne
711 2366 743 2433 id
766 2369 899 2455 quidem
923 2367 1026 2433 mirari
1049 2378 1189 2454 possunt
1211 2388 1285 2433 eum
1300 2366 1364 2432 hoc

251 2470 324 2538 loco
354 2471 500 2559 pluribus
531 2471 637 2538 verbis
670 2472 712 2537 uti
743 2484 775 2538 et
806 2494 906 2556 pauca
933 2474 974 2540 de
1003 2473 1126 2538 ratione
1154 2492 1219 2560 qua
1242 2470 1365 2558 reliqua
1448 2492 1452 2497 ’

251 2575 425 2661 scripserit,
447 2576 577 2642 addere.
610 2579 691 2642 Nam
714 2599 781 2666 quo
805 2579 882 2667 quid
905 2579 1031 2666 gravius
1054 2589 1113 2656 est,
1135 2598 1176 2643 eo
1200 2576 1365 2664 copiosius

191 2690 197 2702 ·
253 2679 484 2765 exponendum
507 2691 565 2746 est.

335 2785 460 2852 Deinde
483 2784 541 2852 hac
564 2807 599 2850 re
623 2786 697 2852 mihi
719 2789 846 2854 videtur·
861 2788 993 2855 Ullu'cus
1016 2787 1118 2853 refelli
1140 2807 1248 2874 posse.
1286 2787 1365 2852 Cum

252 2889 455 2979 Thucydides
486 2889 618 2956 alteram
648 2890 721 2958 belli
750 2905 876 2979 partem
898 2892 1069 2968 scriberet,
1099 2892 1198 2958 voluit
1219 2891 1252 2956 id
1276 2889 1365 2978 quod

251 3004 326 3058 ante
348 2994 528 3081 scripserat,
550 3017 610 3083 pro
633 3012 725 3083 parte
747 2997 845 3063 totius
862 2995 936 3063 belli
951 2997 1070 3063 haberi.
1081 2997 1105 3080 ⁸)
1144 2999 1253 3085 [taque
1270 2994 1363 3060 etiam

251 3098 282 3164 id
307 3101 396 3187 quod
420 3099 450 3164 iu
473 3101 642 3187 prooemio
667 3102 708 3167 de
731 3123 767 3168 se
790 3124 917 3190 suoque
931 3122 1050 3190 genere
1067 3101 1217 3166 narrandi
1233 3099 1365 3176 dixerat,

253 3201 294 3267 de
324 3212 392 3268 toto
422 3201 509 3270 bello
541 3206 660 3272 dietum
683 3228 757 3273 csse
780 3207 918 3273 volebat.
971 3207 1076 3285 Quare
1099 3227 1173 3272 cum
1195 3226 1268 3271 eam
1289 3203 1366 3270 belli

252 3318 394 3392 partem,
426 3329 522 3397 quam
553 3309 642 3396 prius
665 3312 824 3401 cognitam
848 3334 913 3380 non
935 3310 1108 3387 habuerat,
1139 3331 1269 3376 narrare
1290 3309 1367 3375 inci-

253 3423 362 3497 peret,
397 3435 462 3479 non
492 3415 597 3481 solum
626 3437 760 3483 necesse
791 3439 856 3482 non
886 3416 944 3482 suit
974 3416 1032 3483 sed
1062 3416 1157 3482 etiam
1187 3414 1366 3481 absurdum

253 3516 349 3582 etiarn
379 3518 522 3607 reliquae
545 3521 644 3608 partis
667 3542 703 3588 se
726 3542 799 3588 esse
821 3533 986 3589 auctorem
1009 3519 1170 3609 profiteri,
1198 3521 1257 3587 nisi
1279 3531 1367 3587 certa

339 3719 360 3786 ⁷)
380 3717 416 3773 cf.
437 3736 503 3788 pag.
525 3723 677 3778 126—127.
712 3721 810 3776 Dieses
829 3720 910 3775 hatte
929 3722 1005 3776 wohl
1024 3721 1105 3776 nicht
1124 3739 1156 3776 so
1177 3719 1264 3776 leicht
1283 3723 1367 3774 stett-

253 3804 348 3860 finden
366 3807 488 3878 konnen,
507 3814 580 3864 ware
599 3810 650 3864 der
661 3809 757 3864 Inhalt
769 3807 817 3860 des
830 3823 939 3875 ganzen
955 3807 1368 3876 siebeuundzwanzigjiihrigen

253 3893 371 3963 Krieges
383 3895 478 3964 gleich
492 3897 692 3966 urspriinglich
708 3896 736 3950 in
752 3894 828 3948 einer
837 3894 1015 3964 Auffassung
1030 3897 1072 3949 als
1083 3893 1369 3962 zusammengehdrig

254 3980 381 4048 gedacht
399 3981 456 4035 und
476 3983 550 4037 nach
569 3983 658 4038 einem
677 3983 765 4036 Plane
785 3982 926 4048 geordnet
945 3983 1069 4038 worden.

340 4075 362 4142 ⁸)
381 4075 443 4131 Hoc
463 4093 527 4130 eum
546 4078 671 4131 voluisse
691 4095 725 4130 ex
748 4091 781 4128 eo
801 4078 1010 4147 cognoscimus,
1029 4073 1105 4143 quod
1126 4073 1155 4128 in
1174 4074 1253 4128 aunis
1266 4074 1369 4143 prioris

254 4160 323 4214 belli
342 4163 524 4218 numerandis
544 4163 677 4232 perrexit.
