3262 4752
736 288 945 351 ...38-

372 470 467 558 Atqui
489 468 598 556 priore
621 469 693 535 loco
718 468 936 556 quam11187‚
958 473 977 534 λ
1000 466 1051 534 hic
1074 468 1229 534 terminus
1246 491 1319 536 esse
1337 493 1403 538 non

286 585 410 658 potest,
440 596 513 642 cum
544 573 594 640 hic
623 573 713 640 locus
741 572 771 638 id
796 571 958 638 contineat
980 586 1206 662 argumentum
1229 577 1317 663 quod
1341 576 1405 642 Ull-

288 678 353 746 rico
383 678 496 766 eisque
520 678 574 766 qui
597 699 672 744 eum
694 687 899 766 sequuntur„
922 677 1144 765 gravissimum
1166 679 1234 746 iere
1259 682 1403 748 omnium

288 784 415 850 videtur
444 803 534 860 esse,
565 804 630 871 quo
662 780 878 869 comprobent
904 782 1045 869 priorem
1068 781 1145 849 belli
1167 795 1293 872 partem
1315 785 1404 873 prius

288 909 386 978 quam
408 889 540 955 alteram
562 887 785 978 aThucydide
807 887 1021 974 conscriptam
1039 909 1120 955 esse.
1158 890 1264 968 Quare
1281 890 1403 956 nullum

290 993 421 1061 omuino
445 992 582 1058 arbitror
605 1013 679 1060 esse
701 992 808 1059 iocum
824 992 863 1057 ad
882 1013 979 1081 quem
995 993 1066 1080 quis
1083 994 1189 1060 dicere
1205 993 1308 1080 possit
1323 993 1405 1060 Thu-

289 1098 441 1190 cydidem
471 1120 554 1185 opus
585 1098 725 1185 primum
755 1109 908 1183 coeptum
935 1097 1111 1164 deductum
1132 1097 1299 1176 habuisse,
1329 1119 1403 1164 cnm

288 1203 480 1272 sententiam
512 1203 552 1270 de
585 1202 785 1291 longitudine
818 1202 915 1268 totius
948 1201 1024 1268 belli
1058 1203 1227 1270 mutaverit
1257 1213 1289 1269 et
1319 1225 1402 1286 opus

289 1307 501 1374 intermiserit.
553 1310 665 1395 ltaque
695 1328 736 1373 ne
765 1306 976 1373 intermisisse
1007 1307 1138 1394 quidem
1162 1329 1237 1374 eum
1259 1319 1404 1395 apparet,

289 1411 348 1478 sed
379 1432 452 1479 cum
474 1434 559 1499 opus
582 1409 724 1479 scribere
746 1412 918 1499 inciperet,
947 1420 1050 1477 totum
1074 1408 1195 1477 bellum
1217 1414 1326 1479 XXVII
1348 1433 1403 1478 an-

291 1537 405 1583 norum
431 1528 505 1583 ante
529 1516 642 1584 oculos
664 1514 825 1593 habuisse,
848 1514 937 1604 quod
960 1515 1001 1582 ab
1023 1515 1113 1582 initio
1136 1515 1296 1582 vocabulo
1318 1511 1406 1581 ὅὸεὸ

288 1622 352 1688 πάλ.
374 1620 605 1710 significaverit.

373 1726 428 1793 His
457 1727 553 1817 igitur
582 1727 685 1794 causis
709 1725 929 1816 Thucydidem
961 1745 1045 1811 opus
1074 1747 1170 1790 suum
1200 1735 1275 1810 post
1304 1723 1404 1792 finem

289 1831 387 1898 totius
415 1830 490 1898 belli
513 1838 552 1898 27
575 1851 734 1897 annorum
758 1829 901 1897 scrihere
923 1828 1072 1916 coepisse
1095 1829 1170 1896 satis
1193 1828 1268 1895 mihi
1292 1829 1405 1896 videor

289 1937 532 2004 demonstrasse
561 1945 659 2024 atque
684 1935 828 2002 Classeni
850 1934 1041 2001 sententiam
1063 1933 1148 2000 haud
1172 1934 1303 2020 paulum
1325 1955 1401 2001 con-

289 2040 445 2108 firmasse.
481 2041 562 2106 Nam
579 2040 669 2128 quod
684 2040 716 2104 in
733 2039 791 2106 hac
807 2038 1024 2107 difficillimum
1042 2050 1119 2115 erat,
1133 2049 1168 2104 ut
1182 2060 1255 2106 cnm
1271 2041 1405 2107 Diodori

289 2146 354 2215 fide
378 2157 410 2214 et
431 2145 620 2213 auctoritate
643 2144 803 2212 conciliari
819 2165 884 2210 non
902 2155 1023 2230 posset,
1046 2144 1092 2210 eis
1107 2145 1304 2211 removimus
1321 2167 1406 2233 quae

290 2254 331 2321 de
355 2254 393 2319 tv
415 2259 472 2329 48,
494 2261 513 2319 5
536 2261 570 2317 et
593 2251 633 2317 de
657 2249 839 2317 discrimine
863 2249 952 2338 quod
976 2249 1016 2316 sit
1037 2250 1121 2315 inter
1141 2247 1190 2314 ὅοε
1212 2245 1313 2316 ὁπόλ.
1336 2248 1407 2316 ωδ

289 2359 353 2426 πολ.
375 2356 433 2439 ὅδε,
457 2355 699 2444 disputavimus.
744 2356 851 2433 Quare
878 2353 952 2420 nihil
975 2353 1114 2420 arbitror
1136 2353 1296 2442 reliquum
1320 2376 1405 2433 esse,

293 2484 359 2549 quo
383 2460 455 2548 quis
478 2460 688 2548 prohibeatur
709 2459 783 2526 huic
804 2459 960 2536 assentiri,
985 2459 1176 2546 praesertim
1198 2479 1271 2525 cum
1295 2460 1406 2524 memi-

291 2563 382 2642 nerit,
404 2574 540 2652 quantas
562 2563 667 2630 Ullrici
693 2564 852 2630 sententia
874 2564 905 2629 in
929 2584 965 2631 se
987 2562 1104 2630 habeat
1126 2562 1337 2631 difficultates.

821 2819 884 2894 VI.

372 2982 442 3047 Jam
469 2979 563 3069 igitur
591 2978 653 3045 loci
683 2977 757 3044 mihi
787 2981 942 3047 tractandi
965 2994 1042 3048 sunt
1064 3001 1105 3048 ex
1128 2979 1245 3069 quibus
1270 2980 1403 3049 Uilricus

291 3096 479 3176 argumenta
506 3086 545 3152 ad
577 3084 768 3152 sententiam
798 3105 890 3151 suam
919 3085 1196 3179 comprobandam
1218 3085 1343 3173 petivit,
1372 3097 1404 3152 et

291 3189 579 3256 demonstrandum
610 3200 660 3255 est
689 3209 762 3267 eos,
792 3199 826 3255 ut
848 3179 910 3256 sint
933 3191 1059 3278 scripti,
1089 3213 1107 3256 a
1129 3189 1287 3277 scriptore
1309 3191 1404 3258 scribi

289 3293 450 3382 potuisse,
488 3294 611 3360 etiamsi
647 3304 749 3360 totum
779 3293 900 3360 bellum
929 3303 969 3363 27
999 3316 1159 3362 annorum
1188 3306 1262 3361 ante
1292 3295 1404 3363 oculos

291 3396 434 3463 haberet.
477 3398 594 3464 Tamen
618 3418 683 3463 non
707 3398 816 3465 omnia
838 3421 876 3465 ea
899 3411 1060 3489 repetam,
1090 3420 1174 3489 quae
1196 3421 1215 3466 a
1238 3400 1403 3468 Classenio

291 3499 425 3588 aliisque
442 3510 553 3567 eontra
569 3501 718 3568 Ulhicum
735 3504 895 3591 disputata
911 3516 994 3584 sunt,
1010 3505 1201 3593 praesertim
1216 3525 1289 3570 cum
1307 3505 1404 3571 multa

291 3626 406 3672 eorum
429 3625 513 3694 quae
535 3604 575 3670 ab
599 3605 713 3674 Ullrico
737 3609 818 3675 dicta
842 3621 925 3688 sunt,
948 3610 1042 3677 etiam
1065 3609 1105 3676 ab
1129 3610 1174 3677 eis
1197 3610 1261 3677 sint
1277 3611 1404 3697 rejecta,

292 3711 346 3800 qui
370 3710 399 3777 ei
423 3709 615 3798 plerumque
639 3713 760 3780 assensi
784 3725 867 3779 suut.
1161 3779 1163 3784 .

375 3817 400 3880 ii
426 3823 439 3883 1
472 3825 547 3882 sunt
576 3815 671 3883 haec:
699 3816 826 3898 ἄρχεται
855 3823 888 3884 δὲ
917 3815 1080 3899 internos
1101 3820 1223 3886 ἐνθένδε
1244 3819 1299 3903 iim]
1319 3821 1404 3903 Ἀθη·

291 3927 384 3986 ναίων
404 3921 454 3985 καὶ
468 3927 716 4002 Πελοποννησίων
736 3925 786 3988 καὶ
809 3925 871 3988 τῶν
892 3927 1042 4006 ἑκατέροις
1059 3926 1231 4010 ξυμμάχων,
1254 3928 1285 3992 ἕν
1300 3921 1323 4011 ᾧ
1337 3923 1406 3992 οὔτε

290 4025 484 4104 ἐπεμίγνυντο
505 4030 550 4091 ’ἔτι
571 4025 731 4108 οἷκηρυκεεὶ
753 4029 824 4109 παρ’
845 4031 987 4112 ἀλλήλους
1008 4033 1211 4102 καταστάντες
1232 4056 1265 4096 τε
1281 4032 1407 4108 ξυνεχῶς

290 4129 460 4211 ἐπολέμουν.
516 4131 571 4198 Ηίε
605 4133 778 4219 postremis
807 4133 915 4202 verbis
946 4133 1167 4225 Thucydidem
1195 4158 1278 4225 quae
1307 4137 1406 4203 totius
