3262 4752
719 291 929 350 ...50...¹

352 470 442 548 Quae
472 488 550 534 vero
580 468 621 534 de
643 466 973 534 Lacedaemoniorum
1003 467 1149 554 potentia
1178 468 1241 536 hoc
1271 468 1343 536 ioco
1367 489 1386 534 a

267 574 456 664 Thucydide
487 573 651 646 dicuntur,
681 571 780 638 totius
802 571 1021 658 Peloponnesi
1044 581 1102 639 eos
1124 572 1287 660 principes
1310 593 1384 640 esse

267 699 304 744 ac
334 689 503 766 praeterea
532 677 668 742 aliorum
699 675 861 744 sociorum
884 675 1078 754 multorum,
1107 678 1225 744 rectius
1248 675 1400 743 arbitror·

267 783 351 848 dicta
374 803 458 858 esse,
481 799 579 870 quam
601 783 628 846 si
644 780 785 882 ’dixisset
807 801 865 846 eos
888 781 987 846 totius
1003 780 1155 848 Graeciae
1178 783 1278 849 duces
1301 801 1385 848 esse.

265 889 346 952 Nam
375 907 472 981 nemo
496 883 643 951 dubitare
665 872 791 972 potest,
823 874 900 972 quin
924 897 998 967 post
1020 883 1118 951 finem
1141 884 1217 952 belli
1239 887 1385 952 civitates

266 992 417 1058 Graeciae
440 990 568 1065 inerint,
590 1010 674 1078 quae
697 989 743 1056 eis
767 1010 832 1054 non
856 988 1032 1055 obsecutae
1054 991 1118 1058 sint
1134 991 1182 1076 (cf.
1199 989 1385 1056 Herbstium

265 1095 283 1161 l.
307 1117 332 1162 c.
355 1117 426 1183 pag.
444 1095 526 1177 547).
560 1097 671 1181 itaque
696 1103 819 1158 tantum
842 1092 943 1171 abest,
966 1105 1001 1159 ut
1024 1093 1247 1183 Thucydidem
1270 1105 1384 1182 putem

263 1199 350 1265 hunc
371 1199 479 1265 iocum
502 1209 576 1263 ante
599 1197 698 1262 totius
721 1195 796 1262 belii
817 1194 915 1264 finem
939 1199 1116 1286 scripsisse,
1141 1210 1174 1264 ut
1199 1196 1286 1263 nullo
1304 1207 1385 1262 tem-

266 1323 346 1388 pore
376 1301 436 1366 nisi
466 1313 542 1388 post
572 1302 642 1387 ejus
671 1298 769 1366 linem
799 1323 875 1368 eum
904 1303 1051 1388 potuisse
1082 1304 1195 1369 dicam.
1253 1301 1384 1369 Accedit

264 1407 354 1494 quod
370 1404 530 1482 hocloco,
553 1416 587 1471 ut
601 1404 769 1472 Herbstius
784 1407 1018 1485 animadvertit,
1043 1427 1124 1495 opes
1141 1405 1384 1472 Atheniensium

264 1510 365 1575 multo
390 1510 522 1576 minoris
546 1510 702 1586 aestimat,
724 1531 821 1598 quam
843 1510 897 1577 lib.
922 1513 945 1577 ii
969 1520 1005 1578 tt
1032 1511 1188 1578 Periclem
1212 1509 1385 1576 aestiman-

263 1626 329 1680 tem
352 1615 435 1681 iacit.
472 1614 573 1700 Hujus
596 1624 705 1679 autem
727 1615 773 1681 rei
796 1636 833 1680 ea
857 1628 906 1680 est
928 1636 1032 1691 causa,
1056 1615 1145 1703 quod
1165 1615 1305 1680 Pericles
1328 1614 1383 1679 ilio

262 1719 335 1785 loco
366 1720 406 1786 de
436 1719 562 1785 civitate
589 1719 712 1805 judicat
735 1718 823 1785 bello
844 1720 983 1785 adverso
1007 1719 1153 1785 nondum
1176 1719 1291 1797 fracta,
1320 1718 1384 1784 hoc

263 1835 370 1891 autem
387 1823 591 1915 Thucydides
615 1824 656 1890 de
679 1843 717 1890 ea
741 1844 826 1912 quae
847 1823 935 1889 exitu
957 1825 1056 1890 totius
1079 1823 1154 1889 belli
1177 1823 1283 1888 attritu
1301 1838 1382 1889 erat.

348 1928 426 1994 Cum
457 1928 601 2015 reliquos
632 1927 725 2015 primi
755 1927 827 1993 iibri
848 1929 939 1994 locos
963 1948 1047 2016 quos
1072 1927 1204 1993 Uilricus
1228 1928 1383 2004 tractavit,

263 2033 392 2118 plurimi
423 2052 537 2098 eorum
560 2033 615 2120 qui
638 2053 712 2098 eum
734 2033 1151 2119 sequunturconsentiant
1174 2033 1248 2099 nihil
1273 2033 1382 2100 valere

262 2137 301 2202 ad
326 2138 396 2224 ejus
419 2136 613 2202 sententiam
636 2135 932 2222 comprobandam,
955 2135 1050 2202 nohis
1074 2138 1215 2224 quoque
1232 2137 1383 2204 videntur

262 2241 536 2329 praetermittendi
560 2261 643 2307 esse.

784 2497 863 2572 VII.
881 2527 885 2536 ·

344 2655 426 2722 Satis
448 2653 597 2722 videmur
619 2653 861 2722 demonstrasse
884 2675 943 2722 eos
967 2655 1075 2732 locOS,
1103 2655 1222 2744 quihus
1247 2653 1380 2720 Uilricus

260 2761 454 2826 seutentiam
469 2779 561 2826 suam
578 2758 794 2847 comprobare
810 2771 944 2827 conatus
961 2771 1019 2837 est,
1039 2760 1147 2826 nihii
1158 2760 1190 2825 in
1206 2780 1241 2825 se
1257 2757 1379 2824 habere

262 2887 328 2955 quo
360 2864 432 2952 quis
463 2873 576 2950 putare
607 2865 887 2950 prohibeatur
918 2886 977 2932 eos
1010 2878 1085 2951 post
1119 2875 1224 2930 totum
1256 2861 1380 2929 bellum

260 2973 397 3058 scriptos
430 2988 512 3036 esse.
567 2970 680 3056 Itaque
700 2970 767 3056 jam
790 2971 819 3036 ei
842 2971 904 3036 loci
926 2969 1138 3036 enumerandi
1162 2978 1237 3034 suot
1260 2965 1380 3055 quihus

259 3075 448 3163 cogimur
470 3084 583 3160 putare
608 3085 762 3161 quattuor
782 3077 909 3162 priores
936 3073 1037 3140 libros
1059 3095 1078 3139 a
1100 3071 1288 3162 Thucydide
1312 3091 1377 3134 non

259 3191 332 3246 ante
356 3181 454 3244 totius
478 3177 552 3244 beili
575 3177 674 3244 tinem
697 3180 835 3272 scriptos
859 3201 940 3247 esse.
978 3180 1040 3260 Qui
1064 3179 1196 3267 quidem
1219 3175 1280 3261 loci
1297 3172 1378 3238 tales

258 3297 343 3360 sunt,
365 3295 399 3350 ut
423 3303 519 3350 nemo
544 3293 659 3369 putare
681 3286 784 3370 possit
800 3305 858 3352 eos
874 3306 893 3350 a
908 3285 1074 3372 scriptore,
1098 3303 1171 3349 cum
1188 3301 1271 3366 opus
1288 3277 1378 3365 prius

258 3389 478 3476 conscriptum
500 3399 701 3466 retractaret,
730 3389 858 3456 additos
881 3411 954 3456 esse
977 3389 1027 3454 vei
1051 3389 1110 3463 ita,
1134 3399 1168 3452 ut
1191 3394 1282 3458 sunt,
1305 3401 1378 3448 cor-

258 3505 366 3562 rectos
398 3514 480 3560 esse.
533 3493 611 3560 Cum
635 3504 742 3560 autem
766 3492 933 3560 Herbstius
955 3493 1015 3559 hos
1037 3494 1129 3559 locos
1152 3485 1377 3576 copiosissime

258 3599 439 3668 tractaverit
467 3607 565 3684 atque
598 3618 659 3663 nos
688 3598 828 3685 spatium
860 3619 946 3666 nunc
972 3595 1099 3664 deficiat
1122 3615 1237 3661 eorum
1260 3591 1376 3656 iterum

257 3705 515 3778 tractandorum,
544 3701 619 3768 satis
642 3701 833 3768 habebimus
855 3725 895 3768 ex
918 3703 973 3778 eis,
995 3723 1079 3790 quos
1102 3696 1276 3766 homoide
1300 3694 1377 3762 doc-

257 3811 399 3878 tissimus
423 3806 582 3884 disseruit,
605 3827 663 3872 eos
686 3828 876 3874 enumerare
899 3804 1018 3896 quibus
1041 3803 1135 3871 nohis
1158 3803 1285 3869 videtur
1302 3819 1376 3865 sen-

257 3916 356 3982 tentia
379 3925 490 3980 nostra
513 3908 704 3978 confirmari.
738 3912 852 4000 Neque
868 3911 955 3978 enim
972 3930 1097 3986 omnes,
1120 3928 1204 3996 quos
1221 3905 1376 3979 tractavit,

258 4020 432 4111 quicquam
465 4016 540 4083 mihi
577 4015 727 4082 videntur
762 4015 885 4094 valere,
922 4016 1118 4102 minimeque
1156 4014 1202 4079 eis
1241 4031 1375 4098 possum

258 4125 406 4194 assentiri
436 4142 521 4210 quae
545 4121 586 4188 de
610 4119 827 4198 orationibus,
856 4131 889 4188 et
910 4120 957 4187 eis
980 4139 1064 4208 quae
1087 4139 1106 4184 a
1128 4116 1315 4208 Thucydide
1336 4116 1376 4183 τοὲ
