3262 4752
649 287 861 350 ..29-

196 471 276 534 Nam
304 468 359 557 qui
387 478 455 532 turn
484 467 516 530 in
538 464 660 531 Aetolia
690 487 730 531 ex
761 485 897 530 numero
929 471 1146 528 trecentorum
1173 464 1308 530 militum

197 575 430 642 classiariorum
453 571 504 655 (ΙΙΙ
526 577 576 647 95,
598 571 628 650 2)
652 570 846 646 ceciderunt,
868 577 998 634 centrum
1022 579 1114 634 erant
1136 579 1168 634 ct
1190 569 1308 657 viginti.

197 679 325 758 Quanto
354 687 462 744 autem
490 676 593 762 major
623 686 689 742 erat
712 695 866 740 numerus
888 694 1018 750 eorum,
1049 673 1103 760 qui
1126 673 1308 759 posteriore

197 794 347 869 tempore
370 783 402 846 in
425 781 561 847 Siciliam
584 781 671 846 missi
693 780 863 846 maximam
886 788 1012 866 partem
1033 777 1232 844 interierunt.
1266 782 1310 844 Ac

197 908 239 953 ne
269 886 330 952 hos
361 886 494 974 quidem
522 885 681 974 ignobiles
708 885 808 952 fuisse
836 905 878 950 err
907 904 947 950 eo
970 884 1196 972 cognoscimus
1220 884 1309 972 quod

197 992 335 1077 scriptor
356 990 397 1056 dc
418 991 455 1058 iis
479 991 554 1058 dicit
576 993 612 1057 Vi
634 999 684 1068 31,
707 999 741 1060 3:
764 993 800 1055 τὸ
820 996 853 1055 οὲ
873 990 958 1064 πεζὸν
979 992 1153 1069 καταιόγσις
1170 1000 1311 1070 χρηστοῖς

196 1095 343 1175 ἒκκριθέν.

282 1201 394 1287 ltaque
417 1201 484 1267 veri
506 1201 609 1267 simile
631 1210 681 1267 est
702 1200 733 1266 in
756 1200 819 1266 hoc
834 1220 970 1266 numero
988 1199 1097 1286 plures
1114 1219 1211 1291 quam
1230 1200 1312 1265 CXX

198 1303 323 1372 nobiles
352 1305 468 1383 fuisse,
497 1307 552 1392 qui
582 1306 768 1372 interierint.
821 1307 890 1371 Hoc
918 1315 1023 1370 autem
1055 1304 1082 1370 si
1105 1316 1228 1372 certum
1252 1314 1310 1380 est,

198 1421 311 1498 putare
335 1428 401 1475 uon
424 1431 600 1496 possumus
623 1410 844 1500 Thucydidem
866 1411 906 1474 ΙΙΙ
928 1415 978 1487 98,
1000 1418 1020 1477 4
1042 1408 1201 1476 vocabulo
1222 1407 1238 1474 ὅ
1258 1413 1312 1474 πό-

197 1527 285 1595 λεμος
306 1510 355 1578 dte
382 1524 486 1579 toturn
517 1513 639 1580 bellum
667 1513 880 1604 significasse,
907 1515 965 1582 sed
994 1515 1156 1603 posterius
1179 1514 1311 1592 bellum,

198 1640 263 1708 quo
282 1618 392 1686 classis
406 1619 439 1684 in
455 1619 589 1685 Siciliam
607 1619 704 1686 missa
719 1631 778 1697 est,
799 1621 927 1686 videtur
943 1619 1119 1688 exclusisse
1135 1630 1167 1686 et
1182 1631 1311 1687 centum

197 1724 269 1792 illos
299 1735 331 1790 et
361 1724 467 1812 viginti
496 1724 582 1790 viros
609 1745 682 1791 cum
705 1725 751 1791 eis
774 1724 851 1791 solis
874 1725 1129 1812 comparavisse,
1160 1725 1311 1814 quiante

199 1853 255 1896 eos
285 1828 371 1896 bello
402 1829 572 1916 perierant.
625 1831 732 1908 Quarc
761 1839 897 1917 apparet
927 1829 990 1896 hoc
1017 1830 1091 1896 loco
1115 1823 1313 1896 vocabuloo‘

198 1936 324 2015 πόλεμος
343 1932 392 1998 dds
419 1934 477 2000 nisi
507 1933 628 2000 bellum
656 1955 761 2022 usque
788 1956 828 2002 eo
852 1946 979 2024 gestum
1001 1935 1077 2000 nihil
1099 1933 1311 2023 significatum

199 2061 271 2107 esse
293 2059 401 2126 posse.

281 2143 397 2211 Similis
421 2157 470 2210 est
491 2144 582 2210 locus
605 2146 644 2209 ΙΙΙ
670 2153 744 2222 113,
774 2153 794 2214 6
816 2144 871 2211 ubi
894 2155 981 2220 sunt,
1004 2144 1099 2210 haec:
1129 2145 1234 2216 πάθος
1254 2148 1312 2226 yda

198 2249 288 2314 τοῦτο
308 2251 363 2333 μιᾷ
384 2249 467 2314 πόλει
479 2245 622 2328 ‘Ettuvt'dt
643 2250 675 2315 ἕν
695 2250 775 2320 ἴσαις
794 2247 918 2330 ἡμέραις
938 2254 1078 2329 μέγιστον
1093 2251 1130 2330 σή
1145 2251 1315 2317 advocat?

199 2357 262 2421 τόν
283 2353 453 2434 πόλεμον
473 2353 585 2418 τόνοι
608 2353 730 2433 ἐγένετο.
782 2355 868 2420 Haec
890 2351 988 2419 verba
1010 2351 1163 2420 scribenti
1188 2354 1313 2420 videtur

200 2459 344 2544 scriptori
366 2470 441 2525 ante
464 2458 576 2524 oculos
597 2457 767 2525 obversata
784 2480 857 2526 esse
873 2458 1033 2525 calamitas
1050 2479 1114 2546 qua
1129 2459 1311 2546 posteriore

198 2561 284 2628 bello
300 2563 358 2629 alia
374 2562 451 2629 urbs
468 2563 588 2629 Graeca
604 2564 714 2651 paucis
731 2564 845 2631 diebus
862 2585 1019 2652 oppressa
1036 2574 1093 2630 est.
1125 2564 1193 2631 Hoc
1205 2576 1314 2631 autem

198 2687 239 2732 eo
262 2667 482 2734 verisimilius
505 2679 563 2745 ast,
586 2669 677 2756 quod
699 2668 837 2756 scriptor
859 2670 944 2736 haud
961 2669 1156 2738 dissimiliter
1176 2670 1217 2735 de
1233 2669 1315 2735 cala-

198 2771 308 2836 mitate
320 2770 407 2839 urbis
419 2774 586 2864 Mycalessi
600 2773 675 2840 dicit
686 2775 737 2840 Vll
750 2781 799 2851 29,
812 2783 845 2842 5:
860 2778 911 2840 καὶ
925 2778 1067 2858 ξυμφορσὶ
1081 2775 1119 2856 τῇ
1134 2774 1217 2840 πόλει
1230 2777 1315 2855 adop

197 2875 336 2957 oddcptdc
349 2875 449 2959 ἥσσων
460 2880 572 2958 μᾶλλον
586 2882 690 2958 ἑτέρας
704 2876 847 2961 α’ὅόκητός
860 2906 893 2946 τι
908 2881 1051 2948 ἐπέπεσεν
1065 2879 1141 2963 αὕτη
1157 2881 1207 2946 καὶ
1223 2881 1314 2958 δεινή.

197 2982 299 3068 Hujus
314 2983 407 3071 igitur
424 2983 549 3050 videtur
564 2984 721 3050 rationem
739 2983 891 3052 habuisse
914 2986 966 3051 illo
990 2986 1072 3062 loco,
1095 3006 1161 3073 quo
1185 2984 1312 3051 calami-

200 3098 295 3153 tatem
311 3086 586 3154 Ambraciotarum
603 3105 718 3168 narrat,
740 3092 779 3154 111
798 3098 901 3168 113,6
924 3093 1035 3178 ltaque
1058 3089 1163 3176 aptius
1186 3089 1314 3154 videtur

199 3201 311 3278 putare
323 3193 516 3280 scriptorem
527 3191 570 3259 ibi
582 3194 719 3261 formula
731 3197 809 3258 κστιέ
820 3197 873 3260 τὸν
882 3198 1010 3276 πόλεμον
1020 3196 1103 3261 τόνοι
1114 3191 1311 3282 significasse

199 3317 264 3362 non
288 3309 392 3364 totum
415 3297 547 3375 bellum,
569 3299 629 3365 sed
650 3299 683 3365 id
707 3300 796 3388 quod
820 3322 924 3388 usque
947 3321 987 3366 ec
1011 3312 1138 3388 gestum
1161 3311 1238 3368 erat.

283 3404 321 3468 lv
343 3410 401 3480 48,
425 3412 442 3470 5
466 3414 541 3470 suut
562 3403 657 3470 haec:
688 3406 737 3468 καὶ
759 3401 778 3484 ἡ
798 3408 906 3476 στάσις
927 3407 1021 3482 πολλή
1041 3411 1181 3488 γινομένη
1203 3405 1315 3470 ἐτελού-

197 3528 286 3586 τησεν
300 3507 330 3576 ἒς
344 3508 442 3590 τοῦτο,
458 3507 515 3573 ὅσοι
529 3535 562 3587 ys
576 3513 655 3574 κατσὶ
668 3519 720 3572 τὸν
733 3511 861 3588 πόλεμον
874 3512 967 3577 τόνδε.
999 3510 1055 3576 Hic
1069 3510 1160 3577 locus
1175 3519 1312 3598 quantas

196 3609 430 3698 interpretandi
451 3611 670 3681 'difficultates
699 3615 838 3682 attulerit
868 3627 901 3681 et
929 3615 1043 3682 Ullrico
1072 3626 1105 3682 et
1135 3614 1310 3692 Classenio,

197 3737 296 3803 supra
319 3719 622 3786 demonstravimus.
656 3721 720 3787 Sed
745 3741 828 3808 quae
852 3732 960 3797 restat,
982 3722 1009 3788 si
1026 3735 1176 3809 putamus
1192 3718 1313 3786 bellum

198 3843 302 3910 usque
318 3843 358 3888 eo
375 3835 502 3912 gestum
518 3825 728 3914 significatum
745 3825 845 3893 essa?
877 3829 953 3892 Tum
970 3826 1049 3892 hacc
1071 3836 1121 3892 est
1139 3823 1314 3892 sententia:

197 3925 247 3993 hic
278 3939 346 3993 erat
376 3930 481 3996 exitus
512 3931 769 4021 Corcyraeorum
801 3913 1034 3998 discordiarum
1068 3951 1133 3997 non
1167 3926 1312 3993 omnium

197 4032 339 4120 quidem,
362 4034 421 4100 sed
444 4054 554 4100 earum
578 4057 661 4124 quae
684 4037 715 4102 in
739 4056 779 4101 co
802 4035 889 4103 bello
913 4037 1014 4105 iactae
1031 4046 1115 4111 sunt,
1139 4031 1228 4121 quod
1250 4031 1314 4098 huc

196 4160 302 4227 usque
325 4150 450 4228 gestum
474 4151 524 4206 est
547 4141 613 4208 sive
637 4141 726 4230 quod
749 4141 812 4210 huc
835 4165 939 4231 usque
963 4141 1094 4208 narravi.
1145 4140 1190 4204 lta
1218 4137 1314 4225 igitur
