3262 4752
696 297 907 358 -39..

243 477 318 545 beili
340 477 451 542 xxvii
473 495 631 540 annorum
653 473 785 560 propria
807 484 933 550 essent,
958 495 1024 540 non
1047 474 1245 563 significasse
1267 487 1355 544 recte

242 583 317 648 mihi
347 581 474 647 videtur
495 579 628 646 Uilricus
657 578 929 645 animadvertisse.
980 579 1060 645 Nam
1085 601 1145 669 per
1166 579 1227 647 hos
1250 602 1354 648 annos

243 686 366 754 bellum
387 684 515 761 ξυνεχῶς
538 694 664 772 gestum
686 705 760 750 esse
783 705 879 750 nemo
903 684 1009 751 dicere
1024 695 1143 771 potest,
1165 687 1354 773 praesertim

239 813 312 859 cum
335 791 473 878 scriptor
496 788 565 876 ipse
588 788 619 855 iu
643 788 690 855 eis
714 809 796 878 quae
819 799 894 855 sunt
916 791 1005 864 V26,
1027 796 1056 867 3,
1078 789 1111 856 id
1135 801 1263 880 tempus
1286 813 1352 882 quc

239 897 443 964 continenter
471 893 593 960 bellum
622 903 807 980 gesserunt,
838 892 999 982 disjungat
1028 894 1068 961 ab
1095 915 1152 971 ec,
1183 917 1249 985 quo
1272 917 1352 984 pace

238 1023 303 1068 non
336 998 467 1088 quidem
497 1005 582 1064 certa
609 998 658 1063 usi
685 1011 769 1064 sunt.
814 999 932 1065 Tamen
955 1020 1021 1066 non
1044 1010 1132 1066 recte
1155 997 1288 1067 Uilricus
1311 1021 1351 1066 ex

238 1105 297 1173 hac
326 1126 361 1170 re
391 1102 548 1170 conclusit
577 1102 767 1189 scriptorem
797 1101 876 1168 haec
904 1103 1004 1170 verba
1030 1102 1225 1171 scribentem
1247 1115 1351 1172 totum

238 1210 358 1278 bellum
373 1209 483 1274 XXVII
498 1229 657 1274 annorum
673 1207 820 1273 noudum
837 1208 999 1296 cognitum
1015 1207 1176 1277 habuisse.
1209 1211 1351 1298 Apparet

237 1317 321 1384 enim
345 1336 385 1381 ex
408 1312 562 1400 particula
584 1317 631 1378 ἔτι
653 1332 736 1401 quae
758 1323 807 1378 est
822 1312 854 1377 in
870 1313 929 1380 illis
945 1312 1061 1391 verbis,
1082 1317 1273 1404 scriptorem
1289 1315 1352 1383 hoc

238 1409 356 1490 beilum
385 1441 458 1486 cum
488 1416 650 1505 prioribus
677 1416 880 1504 temporibus
903 1428 970 1482 tum
994 1417 1040 1484 eis
1063 1417 1156 1486 bellis
1178 1419 1351 1487 Athenien-

235 1528 316 1594 sium
334 1536 365 1592 et
381 1522 696 1610 Peloponnesiorum
713 1523 917 1608 opposuisse,
940 1544 1023 1611 quae
1039 1523 1128 1611 prius
1145 1536 1234 1614 gesta
1250 1536 1349 1603 erant,

234 1655 252 1699 a
283 1630 401 1721 quibus
432 1626 565 1716 quidem
596 1646 636 1692 eo
660 1625 830 1694 differebat
860 1626 950 1715 qood
982 1638 1049 1695 tum
1078 1629 1217 1716 primum
1240 1651 1348 1719 neque

234 1737 305 1804 ollis
327 1737 411 1801 inter
432 1753 468 1799 se
491 1731 691 1798 commerciis
714 1731 783 1797 sine
806 1732 1018 1800 caduceatore
1034 1734 1162 1801 misceri
1177 1744 1210 1800 et
1225 1733 1346 1801 bellum
1445 1731 1455 1746 '

237 1842 326 1932 quod
357 1846 583 1924 susceperant,
613 1836 766 1924 persequi
794 1849 981 1924 coeperunt.
1030 1840 1110 1905 Nam
1138 1839 1234 1905 etiam
1257 1839 1346 1927 prius

233 1947 293 2013 hae
325 1953 439 2034 gentes
468 1940 554 2007 bella
575 1941 659 2007 inter
680 1961 716 2007 se
738 1951 922 2030 gesserant,
949 1962 1031 2030 quae
1054 1943 1187 2031 quidem
1209 1945 1348 2032 scriptor

234 2054 266 2119 in
287 2049 370 2116 libro
394 2048 497 2136 primo
522 2047 667 2124 narravit,
689 2046 747 2112 sed
770 2043 887 2111 horum
911 2047 1033 2113 nulium
1050 2047 1169 2114 diutius
1185 2049 1346 2134 persecuti

234 2166 325 2224 erant
349 2151 504 2238 (ξυνεχῶς).
548 2152 642 2217 Putat
663 2151 758 2239 igitur
779 2151 918 2238 scriptor
939 2151 1014 2218 novi
1035 2149 1111 2217 belli
1134 2153 1223 2240 quod
1246 2155 1347 2240 scrip-

233 2275 324 2329 turus
348 2269 405 2336 est,
427 2257 550 2322 initium
573 2254 613 2321 ab
637 2277 676 2321 eo
699 2266 849 2342 tempore
873 2255 1056 2322 ducendum
1081 2277 1154 2324 esse
1174 2279 1240 2347 quc
1256 2258 1346 2324 aliter

232 2388 270 2435 ac
298 2365 387 2453 prius
417 2362 538 2428 bellum
561 2381 673 2449 gerere
697 2368 892 2446 coeperunt,
920 2370 1020 2448 atque
1042 2360 1125 2428 hanc
1148 2361 1191 2429 oh
1213 2384 1343 2430 causam
1421 2417 1428 2430 .

232 2473 309 2539 illud
338 2470 378 2535 de
404 2466 604 2534 commerciis
635 2476 667 2531 ct
689 2467 730 2533 de
752 2464 839 2531 bello
862 2465 1065 2531 continenter
1086 2478 1178 2555 gesto
1202 2489 1344 2535 comme-

233 2585 345 2642 morat.
388 2574 468 2638 Nam
492 2572 563 2658 ejus
585 2569 753 2638 consilium
775 2569 889 2647 fuisse,
918 2581 952 2636 ut
973 2570 1004 2635 iu
1027 2570 1115 2638 initio
1137 2571 1209 2638 libri
1231 2574 1257 2637 ΙΙ
1279 2584 1344 2640 ter·

231 2681 353 2747 minum
379 2677 603 2752 constitueret,
631 2695 738 2764 aquo
761 2673 882 2740 bellum
904 2686 1031 2763 gestum
1054 2687 1157 2752 esset,
1186 2676 1280 2742 etiam
1303 2697 1343 2742 ex

231 2787 319 2853 initio
342 2783 452 2871 capitis
475 2783 501 2846 il
523 2800 711 2869 cognoscas,
731 2778 786 2844 ubi
811 2779 902 2846 variis
921 2779 1027 2847 modis
1043 2801 1163 2847 annum
1178 2779 1343 2870 significat,

231 2912 297 2980 quo
320 2890 466 2956 Plataeae
488 2906 507 2951 a
529 2883 685 2951 Thebanis
708 2904 886 2973 oppressae
908 2895 990 2950 sunt.

313 2995 456 3060 Alterum
482 3012 522 3057 ex
547 3010 612 3078 quo
635 3009 814 3076 cognoscas
835 2988 895 3054 nisi
917 2989 958 3054 de
980 2988 1069 3055 initio
1093 2988 1167 3055 belli
1191 2991 1231 3057 de
1255 2991 1341 3057 nulla

229 3121 265 3166 re
287 3097 507 3190 Thucydidem
528 3094 621 3160 illud:
645 3093 676 3158 ἐν
698 3087 722 3177 ᾧ
743 3095 811 3160 οὔτε
831 3093 1023 3172 ἐπεμίγνυντο
1038 3097 1085 3159 ἔτι
1099 3091 1257 3174 οἷκηρυκτεὶ
1272 3098 1342 3175 παρ’

229 3200 370 3283 ἀλλήλους
391 3212 423 3267 et
447 3223 500 3289 qu.
522 3220 613 3287 sequ.
636 3197 770 3275 dixisse,
791 3198 823 3263 id
847 3197 1008 3285 estquod
1031 3195 1129 3263 verba
1152 3197 1343 3280 ἐπεμίγνυντο

229 3319 261 3374 et
283 3307 445 3386 ἐπολέμουν
465 3305 497 3370 in
519 3303 709 3390 imperfecto
733 3303 824 3392 quod
846 3312 962 3368 vocant
983 3303 1195 3390 grammatici,
1224 3305 1341 3391 posuit.

227 3413 306 3477 Nam
323 3411 462 3498 primum
478 3418 604 3476 constat
619 3407 838 3498 Thucydidem
854 3405 937 3474 hanc
951 3405 1041 3473 verbi
1057 3406 1193 3474 formam
1213 3409 1342 3497 saepius

228 3517 270 3582 ita
292 3535 485 3602 usurpasse,
507 3524 542 3579 ut
564 3509 770 3601 significaret,
792 3511 869 3599 quid
893 3511 965 3600 quis
988 3511 1095 3578 Tacere
1118 3513 1281 3600 coepisset
1304 3514 1342 3596 (lt

228 3629 257 3698 5,
283 3630 293 3688 1
320 3620 528 3703 ἕπεβοήθουνς
557 3627 585 3695 4,
610 3625 621 3684 1
649 3613 868 3690 dammim,-
897 3617 937 3679 ΙΙΙ
959 3623 1054 3693 24,3
1081 3617 1276 3691 ἕσπένόοντος
1303 3617 1342 3681 lV

228 3735 278 3803 76,
301 3733 319 3794 3
342 3725 540 3807 ἐνεδίδοσαν),
568 3722 686 3790 deinde
709 3722 755 3788 eis
777 3720 873 3798 iocis,
903 3718 1021 3807 quibus
1045 3721 1086 3787 de
1109 3742 1143 3788 re
1166 3719 1271 3809 aliqua
1293 3721 1341 3786 lo-

229 3831 345 3918 quitur,
368 3849 451 3918 quae
475 3849 540 3894 non
562 3827 668 3894 solum
691 3836 808 3914 coepta
829 3825 888 3892 sed
905 3824 998 3890 etiam
1015 3825 1057 3891 ad
1073 3825 1169 3892 finem
1186 3824 1342 3911 perducta

229 3946 279 4002 est
307 3936 375 4002 sive
404 3955 488 4023 quae
509 3954 569 4021 per
592 3943 723 3998 totum
747 3930 912 4019 quoddam
935 3931 1092 4017 temporis
1115 3929 1251 4017 spatium
1275 3930 1342 4008 suit,

230 4040 422 4128 plerumque
452 4040 496 4105 uti
526 4037 647 4105 aoristc
678 4059 776 4125 quem
806 4035 1000 4126 grammatici
1031 4035 1341 4120 vocant(11187,2

229 4144 377 4220 ἕκοίκωσεε
400 4146 426 4209 ll
442 4153 491 4223 57,
506 4151 525 4211 2
541 4145 884 4226 contractiones,
902 4141 955 4230 qui
972 4139 1102 4232 quidem
1118 4138 1208 4206 locus
1224 4138 1342 4206 similli-
