3262 4752
733 291 945 350 ..6-

282 491 519 537 zusammen
552 471 618 534 ein
650 466 729 533 und
760 463 959 532 derselbe
983 465 1131 553 Kamps
1155 477 1262 534 war.“
1316 469 1394 535 Cum

282 576 377 664 igitur
400 575 465 643 veri
481 573 585 640 simite
601 573 642 638 sit
657 571 877 660 Thucydidem
891 571 956 657 jam
973 592 1059 636 anno
1076 579 1136 639 413
1153 571 1272 638 bellum
1289 575 1397 640 oriens

286 702 344 768 pro
368 689 459 768 parte
482 685 565 744 nov'a
582 677 652 765 ejus
668 675 743 743 belli
759 673 921 749 habuisse,
944 675 1034 762 quod
1050 675 1091 740 ad
1106 676 1138 742 id
1155 687 1283 764 tempus
1299 678 1399 766 scrip.

285 796 381 861 serat,
404 794 525 874 quanto
550 781 649 871 magis
672 791 822 868 putamus
846 779 874 845 ei
898 790 973 867 post
995 777 1092 846 finem
1115 781 1209 869 hujus
1227 780 1301 848 belli
1325 805 1399 871 per-

287 910 416 956 suasum
440 887 540 955 fuisse
562 887 642 954 haec
665 886 730 953 duo
754 883 839 951 bolla
862 905 921 971 pro
944 905 1009 950 uno
1033 883 1182 951 habenda
1204 907 1286 954 esse.
1315 897 1316 900 ’

369 1000 408 1059 At
430 993 471 1059 sit
494 1004 527 1058 ut
549 1014 609 1080 per
630 1002 734 1058 totum
757 989 894 1056 alterum
917 986 1038 1055 bellum
1056 997 1182 1077 septem
1199 991 1270 1058 illos
1286 1015 1400 1071 annos,

288 1098 343 1186 qui
355 1108 430 1165 sunt
440 1099 524 1163 inter
535 1096 641 1163 Niciae
654 1115 769 1183 pacem
784 1104 817 1160 et
832 1094 968 1161 classem
984 1094 1015 1159 iu
1029 1094 1163 1161 Siciliam
1179 1096 1319 1173 missam,
1335 1119 1400 1163 non

288 1224 348 1290 pro
371 1201 458 1269 belto
481 1201 540 1268 sed
563 1221 624 1289 pro
649 1220 729 1286 pace
744 1197 901 1276 habuerit,
925 1219 1009 1287 quae
1025 1219 1121 1265 causa
1137 1201 1267 1289 cogitari
1282 1213 1402 1289 potest,

289 1328 354 1396 qua
375 1307 535 1374 adductus
558 1304 606 1378 sit,
631 1313 664 1368 ut
687 1302 769 1370 hanc
791 1304 984 1371 sententiam
1005 1315 1151 1370 mutaret.
1184 1306 1298 1394 Neque
1315 1305 1401 1372 enim

290 1411 427 1478 dubitari
457 1419 579 1498 potest,
608 1408 685 1497 quin
717 1408 871 1497 quamdiu
894 1409 1029 1475 alterum
1052 1408 1173 1475 bellum
1195 1421 1321 1500 gestum
1344 1422 1403 1489 est,

290 1516 352 1582 hoo
379 1514 522 1583 scribere
552 1512 651 1580 rebus
676 1512 708 1578 in
731 1533 771 1579 eo
795 1513 892 1602 gestis
914 1524 947 1580 et
968 1514 1176 1604 exquirendis
1199 1526 1231 1581 et
1252 1516 1401 1582 notandis

292 1621 458 1709 paraverit.
509 1621 578 1685 Hoc
604 1629 712 1684 autem
742 1618 769 1684 si
796 1618 886 1694 iecit,
914 1639 954 1684 ne
976 1616 1009 1683 id
1032 1618 1163 1707 quidem
1186 1618 1320 1685 dubium
1343 1629 1402 1694 est,

292 1725 368 1814 quin
391 1726 453 1792 hoc
475 1736 624 1811 tempore
644 1743 743 1810 saepe
759 1743 870 1789 secum
884 1723 1090 1810 reputaverit,
1113 1747 1189 1789 num
1204 1724 1267 1790 hoc
1282 1723 1403 1790 beilum

291 1849 364 1895 cum
388 1850 427 1895 eo
450 1829 637 1904 cohaereat,
666 1828 755 1916 quod
779 1828 867 1914 prius
890 1828 1062 1915 scripserit.
1113 1829 1144 1894 Si
1171 1829 1266 1917 igitur
1288 1829 1346 1896 hac
1368 1850 1402 1895 re

291 1934 397 2000 animo
420 1933 535 2022 agitata
557 1933 617 2000 sibi
640 1932 855 2018 persuasisset
875 1932 996 1999 bellum
1018 1933 1107 2020 prius
1130 1954 1203 1999 cum
1224 1935 1403 2021 posteriore

293 2061 370 2104 non
394 2038 578 2114 cohaerere,
600 2037 767 2126 quomodo
790 2058 864 2104 cum
888 2037 983 2103 etiam
998 2048 1099 2103 totum
1118 2037 1238 2104 bellum
1253 2050 1403 2127 spectans

293 2143 490 2233 aliquamdiu
497 2142 584 2221 hanc
594 2140 779 2208 retinuisset
794 2144 994 2219 sententiam,
1010 2140 1079 2208 fieri
1094 2143 1207 2229 potuit,
1223 2157 1258 2212 ut
1273 2145 1403 2213 subito

294 2270 367 2315 eam
389 2250 430 2315 ita
453 2257 599 2324 mutaret,
622 2255 658 2312 ut
679 2257 807 2332 septem
828 2247 870 2313 iili
892 2247 965 2313 anni
989 2268 1054 2314 non
1073 2248 1140 2335 jam
1163 2269 1238 2315 vera
1261 2271 1323 2338 pax
1346 2250 1404 2317 sed

293 2352 415 2433 ὀνόματι
430 2359 557 2418 σπονοαὶ
579 2352 627 2438 (lV
642 2359 689 2428 10,
704 2356 736 2432 2)
759 2351 789 2418 ei
812 2351 1005 2418 viderentur.
1038 2355 1150 2442 ltaque
1173 2373 1246 2420 cum
1270 2359 1320 2422 vix
1344 2353 1405 2421 utta

295 2477 391 2522 causa
412 2466 520 2523 tantae
541 2467 673 2545 tamque
695 2455 819 2523 subitae
841 2456 1024 2525 mutationis
1042 2458 1215 2547 excogitari
1230 2459 1342 2546 possit,
1364 2480 1405 2525 ne

294 2562 410 2627 factam
433 2561 566 2648 quidem
589 2582 662 2628 esse
684 2561 864 2648 putandum
887 2572 944 2629 est.
977 2563 1031 2629 Sin
1054 2574 1161 2629 autem
1177 2562 1259 2629 facta
1275 2586 1340 2630 non
1357 2574 1407 2631 est

295 2667 355 2734 sed
383 2676 506 2732 certum
535 2677 586 2732 est
607 2664 829 2755 Thucydidem
858 2678 933 2753 post
962 2665 1061 2733 finem
1088 2668 1187 2735 totius
1216 2667 1293 2734 belli
1320 2669 1406 2739 idem

294 2771 453 2846 sensisse,
477 2771 542 2838 duo
565 2769 650 2836 bella
672 2791 746 2846 esse
769 2774 862 2839 unius
885 2773 1040 2858 partes,²)
1065 2794 1106 2839 ne
1128 2773 1159 2839 id
1184 2771 1316 2862 quidem
1338 2772 1407 2839 fieri

297 2876 412 2964 potuit,
435 2887 471 2940 ut
492 2874 592 2942 verba
615 2873 673 2940 dcc
695 2901 728 2955 ys
742 2880 821 2941 κατοὶ
834 2877 886 2941 τὸν
899 2875 1027 2957 πόλεμον
1040 2879 1124 2944 τόνον
1138 2876 1302 2945 inculcans
1317 2877 1406 2965 prius

296 2981 416 3048 bellum
439 2980 610 3069 posteriori
631 2991 784 3069 tanquam
807 3002 893 3047 novo
917 3002 1087 3068 opponere
1109 2983 1214 3049 vellet.

379 3089 527 3153 Fortasse
544 3085 660 3153 dixerit
675 3086 835 3175 quispiam
850 3086 935 3152 idem
952 3087 1042 3175 quod
1056 3086 1186 3155 Ullricus
1202 3087 1233 3152 in
1249 3109 1321 3176 pag.
1334 3095 1407 3156 101:

295 3189 349 3256 Ais
372 3211 408 3256 er
430 3190 482 3257 die
498 3190 742 3280 Verbesserung
764 3191 926 3280 nachtrug‚
947 3212 1015 3260 war
1036 3192 1098 3258 ihm
1117 3214 1205 3260 zwar
1219 3193 1278 3260 der
1294 3193 1408 3260 zwoite

382 3447 404 3517 ¹)
430 3447 511 3504 Hanc
536 3448 709 3517 Thucydidis
735 3447 904 3504 sententiam
929 3445 1018 3502 fuisse
1044 3450 1246 3517 comprobatur
1277 3449 1363 3504 etiam
1381 3446 1408 3502 V

300 3537 348 3602 26,
367 3538 401 3603 4,
421 3535 470 3589 ubi
489 3537 560 3591 haec
580 3540 646 3590 sunt
665 3531 709 3589 ἀεὶ
727 3534 782 3606 γὰρ
802 3535 886 3604 ἔγωγε
905 3533 1052 3602 μέμνημαι,
1071 3533 1118 3590 καὶ
1132 3532 1283 3608 ἀρχομένου
1295 3533 1409 3590 τοῦπο-

297 3621 381 3688 λέμου
408 3619 455 3674 καὶ
476 3624 554 3694 μέχρι
579 3609 612 3674 οὗ
637 3617 808 3689 ἐτελεύτησε,
832 3617 1043 3694 προφερόμενον
1068 3617 1123 3675 ὑπὸ
1147 3621 1268 3688 πολλῶν,
1293 3618 1335 3678 ὅτι
1353 3622 1410 3694 τρὶς

297 3706 376 3761 ἐννέα
397 3707 442 3775 ἔτη
463 3707 520 3762 δέοι
540 3707 675 3778 γενέσθαι
694 3705 789 3764 αὐτόν.
818 3709 891 3766 Nam
911 3726 1082 3778 quemquam
1096 3726 1155 3764 non
1167 3711 1288 3765 multum
1300 3712 1410 3780 Thucy·

298 3795 393 3850 didem
422 3795 555 3852 tribuisse
575 3796 695 3851 oraculis
717 3801 845 3866 constat,
870 3801 966 3852 tamen
986 3801 1106 3867 apparet
1121 3796 1180 3865 jam
1199 3797 1296 3866 primis
1315 3802 1410 3867 poste·

299 3882 382 3937 rioris
401 3882 470 3938 belli
489 3883 569 3938 annis
588 3884 694 3939 multos
714 3883 801 3940 fuisse
821 3882 887 3951 (ὑπὸ
907 3881 1034 3955 πολλῶν),
1053 3883 1102 3952 qui
1119 3901 1224 3938 novum
1239 3884 1344 3938 bellum
1356 3903 1409 3954 pro

297 3973 379 4038 parte
398 3970 477 4041 prius
498 3969 572 4040 gesti
588 3970 735 4026 haberent.
766 3973 798 4026 In
817 3972 862 4027 his
882 3976 977 4026 autem
997 3970 1193 4040 Thucydidem
1211 3970 1305 4038 ipsum
1323 3971 1411 4028 fuisse

297 4074 332 4113 ex
357 4075 390 4112 eo
419 4058 590 4125 concludas,
620 4058 696 4126 quod
721 4057 790 4128 ipsis
817 4061 910 4115 verbis
935 4054 1017 4114 addit
1041 4075 1071 4113 se
1095 4057 1166 4112 illud
1185 4057 1345 4113 meminisse
1364 4059 1410 4114 καὶ

295 4140 449 4217 ἀρχομένου
469 4141 518 4197 τοῦ
537 4145 669 4215 πολέμου.
