3262 4752
399 1210 502 1303 llatus
533 1257 604 1302 sum
627 1235 786 1302 Fridricus
808 1237 896 1301 Kiel
919 1237 1131 1302 hannoverae
1162 1235 1213 1300 die
1235 1238 1260 1301 ll
1284 1259 1324 1301 m.
1349 1239 1418 1324 Maji

304 1362 328 1405 a.
356 1347 437 1409 1854
460 1351 552 1427 patre
575 1339 724 1426 Adolpho
755 1351 786 1405 et
815 1351 917 1407 matre
940 1343 1034 1407 Maria
1063 1363 1081 1407 e
1110 1352 1205 1430 geute
1235 1341 1418 1429 Ebeling.

302 1446 365 1510 Sex
390 1465 493 1510 annos
517 1467 570 1511 me
594 1455 669 1511 nato
693 1456 785 1532 pater
806 1457 952 1512 mortuus
976 1461 1040 1524 est,
1062 1467 1134 1512 cum
1157 1447 1266 1512 matris
1289 1445 1419 1511 fratrem

299 1556 477 1638 Augustum
496 1549 690 1638 Ebeling,
712 1551 870 1640 gymnasii
887 1551 1040 1618 Celleosis
1057 1552 1258 1629 directorem,
1279 1561 1418 1616 tutorem

303 1655 376 1720 mihi
400 1654 619 1744 fratribusque
642 1675 679 1722 ac
702 1657 806 1738 sorori
830 1656 1027 1725 instituisset.
1064 1658 1132 1723 lloc
1148 1667 1280 1723 auctore
1293 1678 1320 1721 a.
1340 1663 1420 1725 1864

301 1761 524 1850 gymnasium,
555 1760 645 1849 quod
676 1772 743 1825 tum
774 1761 804 1825 io
829 1760 910 1827 urbe
934 1771 1043 1828 nostra
1067 1784 1165 1827 unum
1189 1771 1271 1838 erat,
1304 1761 1365 1828 adii
1388 1772 1420 1826 et

302 1887 406 1954 usque
429 1865 469 1930 ad
493 1885 552 1930 ver
567 1886 593 1929 a.
612 1871 691 1932 1873
714 1865 923 1953 frequentavi.
965 1868 1043 1932 Tum
1060 1866 1244 1954 Gottingam
1267 1887 1319 1931 me
1343 1887 1420 1931 con—

303 1971 368 2046 tuli,
389 1981 424 2035 ut
445 1969 559 2036 studiis
577 1969 780 2056 philologieis
802 1991 854 2036 me
878 1970 997 2036 darem.
1031 1973 1093 2036 Per
1111 1981 1269 2037 aestatem
1292 1975 1417 2037 11875

300 2097 373 2142 cnm
395 2075 521 2163 Lipsiae
546 2084 691 2141 versatus
714 2095 839 2152 essem,
862 2076 937 2142 inde
960 2076 999 2141 ad
1024 2076 1167 2163 priorem
1188 2075 1296 2142 locum
1319 2073 1420 2139 studi-

301 2202 393 2246 orum
424 2201 574 2245 meorum
605 2179 702 2256 redii,
732 2189 768 2244 ut
798 2181 906 2247 denuo
936 2180 1054 2247 scholis
1081 2181 1223 2246 virorum
1245 2177 1419 2244 illustrissi-

301 2307 428 2351 morum
452 2285 595 2372 Sauppii,
618 2286 742 2351 Ernesti
765 2285 807 2352 de
826 2285 973 2364 Leutsch,
996 2284 1220 2360 Wachsmuthi‚
1243 2280 1420 2359 Wieseleri,

302 2390 459 2455 Wilhelmi
483 2390 636 2466 Muelleri,
657 2390 758 2467 Lotzi,
779 2390 954 2456 Baumanni
976 2391 1175 2458 interessem.
1209 2388 1328 2456 Studiis
1351 2407 1421 2453 aca-

303 2495 435 2560 demicis
457 2493 615 2560 absolutis
630 2495 762 2561 ineunte
777 2499 933 2560 autumno
950 2516 977 2559 a.
996 2500 1076 2562 1876
1091 2495 1315 2560 hannoveram
1331 2491 1421 2568 redii,

303 2613 337 2664 ut
359 2599 463 2666 studia
485 2598 635 2685 privatim
658 2619 839 2686 pergerem.
883 2602 993 2664 ltlense
1015 2609 1123 2665 autem
1141 2597 1309 2665 Deccmbri
1334 2600 1416 2684 ejus·

305 2705 379 2771 dem
401 2704 475 2769 anni
497 2724 515 2767 a
539 2703 800 2770 doctissimorum
818 2704 959 2770 virorum
977 2703 1132 2771 societate
1149 2725 1232 2792 quae
1249 2704 1418 2792 Gottingae

303 2809 445 2875 instituta
474 2819 524 2874 est
553 2809 593 2874 ad
623 2809 809 2875 tentandam
838 2810 1003 2877 scientiam
1033 2830 1145 2875 eorum
1171 2810 1226 2898 qui
1249 2808 1419 2874 eruditioni

305 2914 536 3002 discipulorum
567 2935 603 2980 se
632 2914 734 2979 daturi
763 2926 852 2993 sunt,
881 2914 1011 3001 publico
1043 2915 1226 2981 testimonio
1250 2913 1324 2978 mihi
1347 2932 1420 2998 per·
1511 2898 1514 2905 ’

306 3019 438 3085 missum
461 3029 526 3096 est,
551 3029 584 3084 ut
607 3018 748 3108 linguam
771 3030 804 3086 et
828 3031 968 3087 nostram
993 3030 1026 3084 et
1047 3019 1187 3085 Latinam
1212 3029 1244 3083 ct
1267 3018 1420 3083 Graecam

306 3126 447 3190 omnium
471 3125 630 3214 gymnasii
653 3124 803 3191 classium
825 3124 1016 3212 discipulos,
1044 3124 1208 3190 historiam
1231 3135 1264 3189 et
1286 3142 1420 3211 geogra-

305 3228 411 3314 phiam
433 3229 622 3295 inferiorum
644 3240 676 3294 et
698 3229 877 3295 mediarum
893 3229 1061 3295 docerem.
1091 3231 1228 3295 Postero
1245 3247 1330 3293 anno
1346 3247 1419 3291 cum

304 3332 409 3398 militis
432 3331 537 3399 officio
561 3333 690 3400 functus
713 3355 829 3412 essem,
851 3335 892 3400 ab
911 3333 1051 3400 Henrico
1069 3331 1238 3417 ludolpho
1257 3327 1420 3400 dhrensio‚

305 3458 370 3526 quo
386 3452 460 3503 ante
476 3450 690 3526 praeceptore
707 3439 913 3506 dilectissimo
929 3461 1006 3505 usus
1019 3457 1117 3514 eram,
1132 3435 1172 3502 ad
1188 3432 1275 3498 urbis
1290 3441 1419 3496 nostrae

307 3544 448 3632 Lyceum
469 3545 481 3608 l
510 3544 599 3632 quod
631 3544 755 3617 dicunt,
783 3554 914 3610 vocatus
937 3565 1026 3620 sum,
1055 3542 1146 3628 cujus
1170 3548 1302 3626 quartae
1326 3536 1420 3602 classi

306 3646 346 3712 ab
369 3647 430 3712 hoc
451 3660 600 3736 tempore
624 3670 770 3735 praeero.

392 3793 509 3881 Scripsi
532 3794 820 3870 llannoverae,
843 3793 893 3858 die
917 3792 973 3860 XX
996 3815 1037 3856 m.
1060 3790 1158 3856 Martii
1181 3812 1207 3856 a.
1233 3796 1321 3860 1880.
