3262 4752
678 254 890 326 -3'3-

395 445 464 522 118,
491 449 502 510 1
529 443 681 526 πρόφασις
701 442 789 508 τοῦδε
810 442 865 508 τοῦ
887 453 973 518 πολ.,·

393 557 440 627 19,
466 559 479 616 1
504 551 681 629 παρασκευή
702 548 733 619 ἐς
753 549 838 614 τόνδε
858 551 910 614 τὸν
929 550 1014 624 111111

393 660 460 731 118,
484 661 502 724 3
524 653 686 735 α’ραμένοις
705 654 791 720 τόνὸε
811 657 862 718 τὸν
883 655 948 719 πόλ.

306 761 353 826 Νο
376 769 483 826 autem
506 759 578 849 quis
601 769 692 846 putet
715 769 837 826 temere
859 779 933 826 esse
952 758 1079 836 factum,
1103 768 1137 823 ut
1151 756 1288 844 scriptor
1302 755 1334 821 in

221 865 326 953 primo
350 863 433 930 libro
455 885 586 952 semper
607 861 656 929 tos
671 861 686 927 ὃ
700 867 763 929 πό1.
788 885 953 952 nunquam
975 859 1132 928 6111118111
1154 872 1334 950 usurparet,

222 991 261 1037 ex
291 969 422 1058 reliquis
451 969 555 1047 libris,
582 969 613 1034 in
637 967 755 1058 quibus
778 968 970 1057 plerumque
989 965 1009 1032 ὁ
1028 969 1093 1034 urit.
1116 967 1166 1034 311
1187 966 1330 1034 invenire

223 1075 531 1152 demonstravimus,
565 1072 713 1161 exempla
743 1072 932 1151 afferemus,
965 1095 1005 1139 ex
1035 1073 1153 1163 quibus
1180 1081 1335 1160 appareat

222 1179 414 1268 scriptorem
436 1190 506 1246 1010
530 1199 640 1266 opere,
663 1177 718 1244 ubi
740 1188 844 1244 totum
867 1177 988 1245 bellum
1009 1177 1248 1267 significaverit,
1270 1175 1337 1242 for-

224 1282 502 1350 1111110ὅόεὸ1161.
525 1305 618 1351 usum
648 1304 730 1350 esse.
782 1283 848 1350 Lib.
876 1284 1088 1372 ignorare,
1114 1291 1126 1350 1
1154 1293 1218 1350 est:
1248 1285 1337 1362 μέχρι

223 1391 387 1457 1011111ταῦ
407 1402 472 1455 πολ.
495 1396 552 1467 21,
577 1397 590 1454 1
615 1390 675 1468 arpo*
695 1389 782 1454 τοῦδε
804 1388 858 1454 τοῦ
878 1401 944 1453 πολ,
987 1390 1097 1477 Longe
1127 1398 1234 1455 autem
1264 1405 1344 1474 gra-¹

224 1495 372 1562 vissimus
399 1495 490 1562 locus
514 1500 640 1570 00134,
666 1501 678 1559 1
706 1491 759 1558 0111
782 1503 872 1559 sunt:
900 1497 1004 1577 capric
1023 1495 1202 1574 ἐποιήσαντο
1223 1491 1284 1556 τῶν
1305 1489 1337 1554 ἐν

222 1600 363 1683 epidauri
386 1605 505 1681 πολέμῳ
525 1595 892 1679 auctoramentum.
935 1598 1155 1688 Thucydidem
1178 1593 1336 1662 hocloco

223 1715 328 1771 totum
357 1704 479 1771 bellum
509 1701 704 1792 significasse
729 1723 795 1768 uno
827 1701 985 1768 vocabulo
1008 1704 1128 1784 πρῶτον
1148 1700 1225 1770 00110
1248 1719 1337 1765 com·

224 1808 388 1898 probatur.
441 1809 522 1874 Nam
548 1807 575 1874 si
603 1817 792 1894 putaremus
824 1807 960 1874 formula
991 1809 1024 1873 ἐν
1047 1808 1124 1892 τῷδε
1152 1805 1195 1890 τῷ
1216 1809 1335 1886 πολέμῳ

224 1912 345 1980 bellurn
374 1933 479 2002 usque
506 1933 546 1978 eo
569 1922 697 2000 gestum
718 1910 929 2000 significatum
952 1934 1040 1991 esse,
1070 1913 1207 2001 scriptor
1229 1910 1337 1978 dicere

226 2041 291 2085 non
314 2029 442 2106 poterat
459 2017 518 2082 τῶν
532 2018 564 2081 ἕν
577 2017 653 2100 τῷδε
667 2017 710 2100 τῷ
724 2023 845 2102 πολέμῳ
859 2019 1015 2099 πρῶτον
1027 2017 1255 2098 demanaret,
1277 2011 1337 2081 scd

225 2122 344 2202 πρῶτον
358 2121 571 2190 omittendum
588 2132 664 2188 erat.
697 2123 770 2188 Nou
785 2123 871 2190 enim
895 2124 923 2190 ei
946 2134 1014 2189 tum
1036 2123 1153 2211 sepulti
1175 2131 1259 2198 sunt,
1282 2118 1337 2209 qui

225 2227 256 2294 in
287 2225 373 2294 hello
403 2248 509 2316 usque
538 2248 577 2293 00
601 2237 693 2315 gesto
716 2229 890 2314 primurn
913 2228 1109 2304 ceciderant,
1140 2225 1200 2295 sed
1222 2244 1336 2292 omnes

228 2351 331 2420 usque
355 2351 394 2397 00
417 2331 584 2409 interfecti,
608 2330 817 2421 quiquidem
842 2333 934 2420 primi
957 2345 1047 2400 erant
1066 2354 1180 2400 eorum
1196 2331 1251 2421 qui
1267 2340 1336 2396 1010

226 2434 312 2501 bello
335 2434 533 2502 interierunt.
578 2438 623 2502 Ita
645 2435 739 2524 igitur
761 2436 840 2505 haec
862 2437 960 2505 verba
982 2450 1058 2506 sunt
1079 2433 1336 2525 interpretanda:

228 2540 341 2607 eadem
363 2540 469 2607 hieme
491 2541 703 2608 Athenienses
726 2542 829 2629 patrio
852 2543 996 2611 instituto
1018 2543 1147 2632 publice
1164 2543 1338 2609 humarunt

227 2663 285 2711 eos
301 2645 402 2734 quiin
419 2645 495 2713 hoc
516 2645 647 2723 bello,
670 2646 780 2734 quod
805 2659 1052 2716 narraturus
1075 2672 1177 2727 sum,
1198 2646 1337 2735 primum

228 2761 365 2816 mortem
388 2748 543 2816 obierant.

310 2854 382 2918 Non
405 2859 510 2922 minus
533 2854 705 2944 perspicue
729 2864 830 2920 totum
850 2854 970 2924 bellum
987 2859 1114 2926 videtur
1129 2855 1339 2946 significatum

228 2979 302 3026 esse
323 2960 375 3026 Vll
397 2968 453 3037 44,
478 2969 491 3026 1
517 2958 572 3025 ubi
601 2971 676 3026 sunt
706 2959 802 3028 haec:
831 2961 862 3027 ἓν
883 2968 916 3028 δὲ
937 2971 1136 3048 νυκτομαχίᾳ,
1165 2961 1279 3044 ἣμόνη
1302 2961 1339 3040 dn*

228 3069 443 3145 στρατοπέδων
463 3063 600 3144 μεγάλων
620 3069 638 3130 ἕ
643 3091 661 3130 ν
681 3091 721 3145 γε
742 3067 840 3149 'cpida
861 3069 911 3151 cpi
934 3075 1089 3152 πολέμῳ
1118 3068 1248 3149 ἐγένετο,
1275 3065 1340 3135 πῶς

229 3167 326 3241 darre
345 3171 451 3254 σαφῶς
471 3194 501 3235 τι
522 3167 603 3249 ᾔδεις
624 3180 656 3236 01
678 3179 727 3244 56,
750 3179 769 3238 4
791 3171 846 3238 uhi
869 3183 944 3239 sunt
965 3174 1055 3240 haec:
1153 3171 1230 3253 πλήν
1249 3196 1282 3250 γε
1304 3170 1340 3248 od

229 3276 283 3340 rot
303 3275 473 3356 ξύμπαντος
493 3273 582 3354 λόγου
602 3275 657 3341 τοῦ
679 3275 718 3340 ἕν
738 3277 835 3359 τῷδε
856 3280 906 3361 τῷ
927 3285 1081 3362 πολέμῳ
1102 3273 1341 3359 πρὸςτήνἍθη-

228 3385 293 3445 ναίν
320 3401 353 3444 τε
380 3380 466 3446 πόλιν
487 3379 537 3444 καὶ
559 3387 808 3461 Λακεδαιμονίων.
860 3383 1039 3461 Quominus
1069 3383 1163 3472 igitur
1192 3393 1342 3471 putemus

230 3483 337 3569 priore
360 3483 433 3550 loco
457 3482 578 3550 bellum
602 3507 706 3574 usque
730 3506 769 3552 eo
793 3497 918 3575 gestum
940 3487 1152 3576 significatum
1175 3507 1263 3563 esse,
1284 3486 1343 3550 im·

229 3587 380 3673 pedimur
400 3589 573 3667 sententia,
602 3610 686 3678 quae
708 3589 733 3656 si
757 3589 838 3658 hanc
860 3591 1157 3680 interpretationem
1180 3591 1342 3678 accipere-

230 3713 311 3770 mus,
327 3704 522 3760 nasceretur.
552 3695 632 3760 Nam
649 3695 811 3762 videretur
826 3696 965 3784 scriptor
979 3698 1063 3766 aliud
1080 3697 1236 3767 memoria
1250 3707 1344 3763 tenu-

230 3795 295 3864 isse
324 3797 483 3884 proelium
514 3809 725 3883 nocturnum,
760 3801 848 3889 quod
877 3813 952 3890 post
984 3803 1062 3870 illud
1095 3805 1134 3872 ad
1165 3805 1343 3895 Syracusas

230 3900 350 3968 factum
381 3903 590 3971 commissum
619 3916 723 3984 esset,
754 3906 842 3994 quod
873 3917 981 3974 tamen
1010 3929 1075 3974 non
1099 3907 1212 3996 potuit.
1262 3907 1343 3971 Nam

231 4005 355 4074 nullum
377 4006 463 4076 aliud
486 4008 581 4096 hujus
604 4011 730 4100 generis
753 4011 912 4098 proelium
933 4011 1016 4078 inter
1035 4033 1169 4102 magnos
1185 4011 1345 4080 exercitus

231 4109 317 4178 bello
333 4112 612 4200 Peloponnesiaco
635 4117 753 4184 factum
776 4137 849 4186 esse
872 4127 1005 4186 constat.
1037 4117 1221 4187 Posteriora
1236 4130 1345 4188 autern

1149 4240 1164 4292 3
