3262 4752
675 267 884 329 ..45-

223 448 405 542 oportebat.
455 448 578 513 Damna
603 455 712 512 autem
734 443 877 513 civilibus
903 444 1070 513 discordiis
1093 460 1163 515 orta
1185 446 1334 516 universa

223 555 402 646 comparari
425 574 491 620 nou
514 561 673 641 poteraut,
696 554 884 646 praesertim
900 573 972 619 oum
989 552 1037 618 his
1054 565 1196 620 nontam
1213 555 1335 636 δύναμις

223 663 290 730 sive
313 660 407 748 copia
430 679 525 748 quam
548 659 631 727 πόλις
651 655 681 722 h.
704 677 731 722 e.
755 657 865 725 civitas
888 658 992 723 attrita
1014 669 1109 726 esset.
1161 662 1272 749 itaque
1295 684 1336 729 ne

223 789 281 835 eos
305 765 435 855 quidem
460 763 515 852 qui
539 773 651 849 putant
672 761 749 828 iilud
781 762 913 828 iocinore
943 763 983 829 de
1013 775 1082 831 toto
1113 763 1215 842 heile,
1246 766 1335 855 quod

223 871 428 962 Thucydides
451 879 520 933 tum
540 866 717 954 scripturus
733 867 836 946 suerit,
860 869 978 935 dictum
996 890 1078 946 esse,
1099 882 1186 938 reete
1201 871 1337 939 arbitror

224 999 265 1044 ex
299 976 369 1063 ejus
406 972 511 1039 verbis
547 971 745 1040 conclusisse
774 973 993 1064 Thucydidem
1028 973 1108 1041 haee
1142 974 1336 1042 scribentem

223 1080 386 1171 posterius
416 1077 538 1144 bellurn
568 1077 714 1143 nondum
736 1077 946 1166 cognovisse.
1001 1079 1081 1144 Nam
1115 1080 1336 1168 quodcunque

225 1188 379 1254 damnum
394 1181 605 1249 Athenienses
628 1203 688 1269 per
709 1181 771 1248 hoc
793 1195 995 1270 acceperunt,
1018 1205 1077 1270 per
1098 1205 1134 1250 se
1151 1205 1223 1250 cum
1239 1185 1338 1271 pesti-

224 1291 340 1357 lentiae
364 1289 483 1356 damno
506 1297 728 1374 comparatum
750 1287 813 1354 hoo
834 1289 938 1355 minus
961 1288 1130 1356 videbitur.

310 1394 432 1460 Omitto
462 1413 546 1481 quae
576 1392 617 1458 ab
647 1391 761 1457 Ullrico
794 1391 834 1458 de
864 1392 903 1458 IV
925 1400 982 1464 48,
1013 1402 1031 1460 5
1062 1392 1223 1481 disputata
1251 1404 1336 1469 sunt,

226 1497 492 1588 quandoquidem
518 1497 603 1564 hunc
623 1497 730 1563 locum
754 1518 852 1584 supra
874 1497 949 1564 satis
973 1497 1118 1564 videmur
1138 1499 1338 1585 interpretati

226 1625 308 1672 esse.
337 1601 420 1668 Libri
436 1611 544 1668 autem
559 1603 572 1666 1
588 1602 683 1690 longe
699 1601 920 1690 gravissimum
936 1612 1161 1690 argumentum
1176 1603 1218 1668 ad
1233 1602 1337 1668 Ullrici

225 1707 418 1777 sententiam
434 1705 712 1795 comprobandam
726 1707 758 1771 in
775 1727 843 1793 cap.
859 1714 898 1775 23
915 1706 1042 1772 videtur
1056 1706 1173 1784 inesse,
1189 1707 1230 1772 de
1246 1706 1337 1793 cujus

226 1813 243 1900 ἓ
269 1821 347 1882 1-3
371 1835 448 1878 num
470 1812 522 1879 ille
545 1822 632 1878 recte
651 1811 857 1898 judicaverit,
884 1811 945 1877 iam
970 1812 1144 1878 videamus.
1196 1811 1337 1877 Primum

226 1918 320 2006 igitur
341 1917 490 1994 UllricuS,
513 1916 749 1994 Cwiklinshius,
776 1917 924 1994 LeskiuS,
946 1916 1124 1983 Schoenius
1147 1915 1339 1982 arbitrantur

226 2023 417 2110 scriptorem
440 2022 595 2090 hocloco
620 2021 802 2088 cautissime
826 2021 867 2088 de
889 2022 1107 2110 magnitudine
1130 2020 1205 2086 belli
1221 2019 1338 2086 Persici

223 2129 386 2214 judicasse
394 2149 402 2205 3
425 2127 488 2194 hoo
509 2137 616 2193 autem
639 2138 815 2213 propterea
838 2127 970 2203 iecisse,
993 2126 1081 2215 quod
1105 2125 1224 2192 bollum
1248 2125 1337 2214 quod

227 2233 404 2321 scripturus
426 2231 530 2309 fuerit,
553 2231 582 2297 ei
604 2230 667 2296 hoc
690 2251 754 2297 non
777 2232 878 2297 mutto
903 2232 1005 2318 majus
1028 2233 1129 2298 visum
1146 2231 1194 2297 sit.
1227 2222 1338 2318 itaque

227 2337 487 2404 concludendum
504 2356 577 2402 esse
592 2336 620 2402 ei
636 2335 716 2401 haec
729 2334 826 2402 verba
838 2334 990 2402 scribenti
1009 2337 1212 2423 propositum
1228 2335 1336 2411 fuisse,

228 2451 263 2508 ut
285 2442 398 2510 decem
422 2461 580 2506 annorum
604 2438 724 2506 bellurn
747 2440 909 2508 scriberet.
952 2442 1032 2506 Nam
1055 2441 1080 2508 si
1104 2441 1166 2508 hoo
1193 2440 1266 2508 looo
1297 2441 1337 2506 de

227 2547 314 2614 bello
336 2547 446 2613 xxvu
467 2566 627 2612 annorum
649 2545 784 2634 egisset,
811 2545 942 2612 tiberius
966 2568 1040 2612 eum
1063 2546 1261 2623 locuturum,
1288 2545 1339 2612 vel

229 2653 336 2740 potius
358 2651 433 2719 satis
456 2649 637 2716 habiturum
660 2649 760 2718 fuisse
782 2649 857 2717 belii
880 2672 1038 2718 annorum
1061 2672 1212 2740 magnum
1227 2671 1340 2716 nume-

228 2779 301 2822 rum
330 2756 447 2823 dicere.
497 2756 602 2834 Quem
631 2754 657 2820 si
680 2755 829 2834 dixisset,
860 2778 900 2823 ne
925 2768 1186 2824 enumeraturum
1208 2757 1339 2846 quidem

227 2861 328 2928 fuisse
358 2861 548 2942 παθήματα,
578 2857 696 2948 quibus
726 2858 872 2926 homines
902 2859 988 2927 bello
1018 2862 1167 2950 oppressi
1196 2861 1340 2927 fuissent.

228 2966 353 3033 Deinde
375 2965 508 3032 Ullricus
530 2973 621 3053 putat
644 2963 750 3031 verbis
774 2966 806 3030 ἐν
825 2966 880 3050 ἴσῳ
896 2967 993 3050 χρόνῳ
1013 2969 1204 3054 scriptorem
1229 2986 1340 3052 respe-

229 3071 314 3140 xisse
339 3070 506 3160 quoddam
530 3068 666 3150 belium3
690 3091 762 3136 nam
787 3070 844 3138 nisi
862 3092 935 3137 oum
951 3071 1042 3138 malis
1058 3069 1132 3138 belli
1148 3069 1215 3137 sive
1230 3067 1340 3135 similis

227 3175 383 3264 temporis
406 3173 498 3262 spatii
521 3195 592 3240 cum
616 3173 711 3242 nullis
734 3175 796 3242 hoo
817 3176 890 3243 loco
907 3179 1079 3259 παθήματα
1094 3175 1146 3242 ille
1162 3173 1341 3259 comparari

229 3304 337 3370 posse.
372 3281 450 3348 Cum
466 3290 574 3345 autern
589 3279 620 3344 in
637 3279 683 3346 eis
699 3301 782 3369 quae
798 3281 998 3358 antecedant,
1022 3281 1166 3368 priorum
1180 3277 1341 3345 bellorum

230 3385 271 3452 de
293 3383 383 3451 nullo
406 3383 465 3451 nisi
489 3385 531 3451 de
552 3383 682 3451 Persico
705 3396 738 3452 et
760 3387 896 3474 Trojano
919 3386 1028 3474 egerit,
1050 3386 1117 3452 veri
1139 3384 1241 3451 simile
1267 3403 1342 3449 esse

229 3511 304 3556 eum
334 3488 441 3556 verbis
471 3489 531 3556 illis
554 3489 586 3555 ἐν
606 3490 664 3574 ἴσῳ
686 3492 785 3574 χρόνῳ
812 3492 969 3557 rationem
991 3489 1111 3556 hahere
1134 3488 1252 3556 Persici
1282 3507 1344 3574 per

230 3594 345 3662 decem
375 3615 479 3662 annos
509 3595 600 3684 gesti.
650 3597 695 3661 Ex
724 3595 783 3662 hac
812 3608 920 3662 autem
946 3596 1188 3683 comparatione
1212 3592 1342 3660 conclu-

230 3699 374 3767 dendum
396 3721 469 3768 esse
493 3698 623 3780 bellum,
647 3701 735 3790 quod
759 3711 827 3767 turn
849 3702 1026 3789 scripturos
1049 3701 1158 3778 fuerit,
1181 3710 1213 3766 et
1235 3697 1341 3784 ipsum

228 3806 257 3870 X
278 3826 437 3872 annorum
461 3805 568 3874 fuisse.

314 3913 392 3977 Tum
408 3912 542 3979 Ullricus
564 3923 663 3999 putat,
686 3913 712 3980 si
728 3912 931 4004 Thucydides
951 3924 1027 4000 post
1042 3912 1139 3978 finem
1154 3905 1251 3976 totius
1268 3907 1344 3974 belli

230 4015 309 4082 haec
330 4016 522 4105 scripsisset,
545 4039 620 4083 eum
642 4019 855 4106 pestilentiam
879 4041 945 4086 non
967 4017 999 4083 in
1017 4016 1150 4084 summis
1167 4015 1256 4080 malis
1274 4012 1345 4101 qui-

230 4119 292 4189 bus
307 4143 358 4188 res
375 4123 502 4209 publiea
517 4121 760 4190 Atheniensium
777 4124 916 4210 perierit,
932 4121 1111 4188 habiturum
1128 4119 1236 4186 tuisse.
1263 4117 1344 4182 Nam
